@misc{ flopswatt,
   author = "Wikipedia",
   title = "Performance per watt",
   year = "2010",
   url = "\url{http://en.wikipedia.org/wiki/Performance_per_watt}",
 }
 
@inproceedings{LaszewskiWYH09,
  author    = {Gregor von Laszewski and
               Lizhe Wang and
               Andrew J. Younge and
               Xi He},
  title     = {Power-aware scheduling of virtual machines in DVFS-enabled
               clusters},
  booktitle = {CLUSTER},
  year      = {2009},
  pages     = {1-10},
  ee        = {http://dx.doi.org/10.1109/CLUSTR.2009.5289182},
  bibsource = {DBLP, http://dblp.uni-trier.de}
}

@article{Rongheng,
 author = {Li, Rongheng and Huang, Huei-Chuen},
 title = {List scheduling for jobs with arbitrary release times and similar lengths},
 journal = {J. of Scheduling},
 volume = {10},
 issue = {6},
 month = {December},
 year = {2007},
 issn = {1094-6136},
 pages = {365--373},
 numpages = {9},
 url = {http://portal.acm.org/citation.cfm?id=1298705.1298716},
 doi = {10.1007/s10951-007-0042-8},
 acmid = {1298716},
 publisher = {Kluwer Academic Publishers},
 address = {Hingham, MA, USA},
 keywords = {Competitive ratio, List scheduling, Makespan, On-line scheduling},
}

@article{Mtibaa,
 author = {Mtibaa, Abdellatif and Ouni, Bouraoui and Abid, Mohamed},
 title = {An efficient list scheduling algorithm for time placement problem},
 journal = {Comput. Electr. Eng.},
 volume = {33},
 issue = {4},
 month = {July},
 year = {2007},
 issn = {0045-7906},
 pages = {285--298},
 numpages = {14},
 url = {http://portal.acm.org/citation.cfm?id=1244462.1244512},
 doi = {10.1016/j.compeleceng.2007.02.005},
 acmid = {1244512},
 publisher = {Pergamon Press, Inc.},
 address = {Tarrytown, NY, USA},
 keywords = {List scheduling, Partial reconfiguration, Run time reconfiguration, Time placement},
}

@inproceedings{Yao,
 author = {Yao, F. and Demers, A. and Shenker, S.},
 title = {A scheduling model for reduced CPU energy},
 booktitle = {Proceedings of the 36th Annual Symposium on Foundations of Computer Science},
 series = {FOCS '95},
 year = {1995},
 isbn = {0-8186-7183-1},
 pages = {374--},
 url = {http://portal.acm.org/citation.cfm?id=795662.796264},
 acmid = {796264},
 publisher = {IEEE Computer Society},
 address = {Washington, DC, USA},
 keywords = {competitive performance, computer power supplies, energy usage, job scheduling, minimum-energy schedule, on-line algorithms, power consumption, power function, reduced CPU energy, scheduling, scheduling model},
}


@inproceedings{Manzak,
 author = {Manzak, A. and Chakrabarti, C.},
 title = {Variable voltage task scheduling for minimizing energy or minimizing power},
 booktitle = {Proceedings of the Acoustics, Speech, and Signal Processing, 2000. on IEEE International Conference - Volume 06},
 year = {2000},
 isbn = {0-7803-6293-4},
 pages = {3239--3242},
 numpages = {4},
 url = {http://portal.acm.org/citation.cfm?id=1258235.1258947},
 doi = {10.1109/ICASSP.2000.860090},
 acmid = {1258947},
 publisher = {IEEE Computer Society},
 address = {Washington, DC, USA},
}

@article{yeon,
    author = {Gu-yeon Wei and Jaeha Kim and Dean Liu and Stefanos Sidiropoulos and Mark A. Horowitz},
    title = {A Variable-Frequency Parallel I/O Interface with Adaptive Power-Supply Regulation},
    journal = {IEEE J. Solid-State Circuits},
    year = {2000},
    volume = {35},
    pages = {1600--1610}
}

@inproceedings{Gruian,
 author = {Gruian, Flavius and Kuchcinski, Krzysztof},
 title = {LEneS: task scheduling for low-energy systems using variable supply voltage processors},
 booktitle = {Proceedings of the 2001 Asia and South Pacific Design Automation Conference},
 series = {ASP-DAC '01},
 year = {2001},
 isbn = {0-7803-6634-4},
 location = {Yokohama, Japan},
 pages = {449--455},
 numpages = {7},
 url = {http://doi.acm.org/10.1145/370155.370511},
 doi = {http://doi.acm.org/10.1145/370155.370511},
 acmid = {370511},
 publisher = {ACM},
 address = {New York, NY, USA},
}

@inproceedings{Martin,
 author = {Martin, Steven M. and Flautner, Krisztian and Mudge, Trevor and Blaauw, David},
 title = {Combined dynamic voltage scaling and adaptive body biasing for lower power microprocessors under dynamic workloads},
 booktitle = {Proceedings of the 2002 IEEE/ACM international conference on Computer-aided design},
 series = {ICCAD '02},
 year = {2002},
 isbn = {0-7803-7607-2},
 location = {San Jose, California},
 pages = {721--725},
 numpages = {5},
 url = {http://doi.acm.org/10.1145/774572.774678},
 doi = {http://doi.acm.org/10.1145/774572.774678},
 acmid = {774678},
 publisher = {ACM},
 address = {New York, NY, USA},
}

@article{Luo,
  author    = {Jiong Luo and
               Niraj K. Jha},
  title     = {Power-Efficient Scheduling for Heterogeneous Distributed
               Real-Time Embedded Systems},
  journal   = {IEEE Trans. on CAD of Integrated Circuits and Systems},
  volume    = {26},
  number    = {6},
  year      = {2007},
  pages     = {1161-1170},
  ee        = {http://dx.doi.org/10.1109/TCAD.2006.885736},
  bibsource = {DBLP, http://dblp.uni-trier.de}
}

@inproceedings{Luo2,
 author = {Luo, Jiong and Peh, Li-Shiuan and Jha, Niraj},
 title = {Simultaneous Dynamic Voltage Scaling of Processors and Communication Links in Real-Time Distributed Embedded Systems},
 booktitle = {Proceedings of the conference on Design, Automation and Test in Europe - Volume 1},
 series = {DATE '03},
 year = {2003},
 isbn = {0-7695-1870-2},
 pages = {11150--},
 url = {http://portal.acm.org/citation.cfm?id=789083.1022895},
 acmid = {1022895},
 publisher = {IEEE Computer Society},
 address = {Washington, DC, USA},
}

@proceedings{Robert,
  editor    = {Yves Robert and
               Manish Parashar and
               Ramamurthy Badrinath and
               Viktor K. Prasanna},
  title     = {High Performance Computing - HiPC 2006, 13th International
               Conference, Bangalore, India, December 18-21, 2006, Proceedings},
  booktitle = {HiPC},
  publisher = {Springer},
  series    = {Lecture Notes in Computer Science},
  volume    = {4297},
  year      = {2006},
  isbn      = {3-540-68039-X},
  bibsource = {DBLP, http://dblp.uni-trier.de}
}

@article{Etinski,
  author    = {Maja Etinski and
               Julita Corbal{\'a}n and
               Jes{\'u}s Labarta and
               Mateo Valero},
  title     = {Utilization driven power-aware parallel job scheduling},
  journal   = {Computer Science - R{\&}D},
  volume    = {25},
  number    = {3-4},
  year      = {2010},
  pages     = {207-216},
  ee        = {http://dx.doi.org/10.1007/s00450-010-0129-x},
  bibsource = {DBLP, http://dblp.uni-trier.de}
}

@article{Bekas,
  author    = {Constantine Bekas and
               Alessandro Curioni},
  title     = {A new energy aware performance metric},
  journal   = {Computer Science - R{\&}D},
  volume    = {25},
  number    = {3-4},
  year      = {2010},
  pages     = {187-195},
  ee        = {http://dx.doi.org/10.1007/s00450-010-0119-z},
  bibsource = {DBLP, http://dblp.uni-trier.de}
}

@article{Minartz,
  author    = {Timo Minartz and
               Julian M. Kunkel and
               Thomas Ludwig 0002},
  title     = {Simulation of power consumption of energy efficient cluster
               hardware},
  journal   = {Computer Science - R{\&}D},
  volume    = {25},
  number    = {3-4},
  year      = {2010},
  pages     = {165-175},
  ee        = {http://dx.doi.org/10.1007/s00450-010-0120-6},
  bibsource = {DBLP, http://dblp.uni-trier.de}
}

@inproceedings{Zhang,
 author = {Zhang, Yumin and Hu, Xiaobo Sharon and Chen, Danny Z.},
 title = {Task scheduling and voltage selection for energy minimization},
 booktitle = {Proceedings of the 39th annual Design Automation Conference},
 series = {DAC '02},
 year = {2002},
 isbn = {1-58113-461-4},
 location = {New Orleans, Louisiana, USA},
 pages = {183--188},
 numpages = {6},
 url = {http://doi.acm.org/10.1145/513918.513966},
 doi = {http://doi.acm.org/10.1145/513918.513966},
 acmid = {513966},
 publisher = {ACM},
 address = {New York, NY, USA},
 keywords = {task scheduling, voltage selection},
}

@InProceedings{ lee2009minimizing,
	title = "{Minimizing energy consumption for precedence-constrained applications using dynamic voltage scaling}",
	author = "Y.C. Lee and A.Y. Zomaya",
	booktitle = "Proceedings of the 2009 9th IEEE/ACM International Symposium on Cluster Computing and the Grid-Volume 00",
	pages = "92--99",
	year = "2009",
	organization = "IEEE Computer Society"
}


@InProceedings{ kimura2007emprical,
	title = "{Emprical study on reducing energy of parallel programs using slack reclamation by DVFS in a power-scalable high performance cluster}",
	author = "H. Kimura and M. Sato and Y. Hotta and T. Boku and D. Takahashi",
	booktitle = "Cluster Computing, 2006 IEEE International Conference on",
	pages = "1--10",
	isbn = "1424403278",
	issn = "1552-5244",
	year = "2007",
	organization = "IEEE"
}
@Article{ hsu2005feasibility,
	title = "{A feasibility analysis of power awareness in commodity-based high-performance clusters}",
	author = "C. Hsu and W. Feng",
	journal = "Cluster 2005",
	year = "2005",
	publisher = "Citeseer"
}

@InProceedings{ hsu2005power,
	title = "{A power-aware run-time system for high-performance computing}",
	author = "C. Hsu and W. Feng",
	booktitle = "Proceedings of the 2005 ACM/IEEE conference on Supercomputing",
	pages = "1",
	isbn = "1595930612",
	year = "2005",
	organization = "IEEE Computer Society"
}

@Article{ DBLP:journals/computer/GortonGSW08,
	author = "Ian Gorton and Paul Greenfield and Alexander S. Szalay and Roy Williams",
	title = "Data-Intensive Computing in the 21st Century",
	journal = "IEEE Computer",
	volume = "41",
	number = "4",
	year = "2008",
	pages = "30--32",
	ee = "http://doi.ieeecomputersociety.org/10.1109/MC.2008.122",
	bibsource = "DBLP, http://dblp.uni-trier.de"
}

@InProceedings{ feng2007green,
	title = "{Green Supercomputing in a Desktop Box}",
	author = "W. Feng and A. Ching and C.H. Hsu",
	booktitle = "2007 IEEE International Parallel and Distributed Processing Symposium",
	pages = "352",
	year = "2007",
	organization = "IEEE"
}

@InProceedings{ feng2009green500,
	title = "{The green500 list: Year one}",
	author = "W. Feng and T. Scogland",
	booktitle = "Parallel \& Distributed Processing, 2009. IPDPS 2009. IEEE International Symposium on",
	pages = "1--7",
	issn = "1530-2075",
	year = "2009",
	organization = "IEEE"
}

@inproceedings{Chen:2005:RPP:1053738.1054680,
 author = {Chen, G. and Malkowski, K. and Kandemir, M. and Raghavan, P.},
 title = {Reducing Power with Performance Constraints for Parallel Sparse Applications},
 booktitle = {Proceedings of the 19th IEEE International Parallel and Distributed Processing Symposium (IPDPS'05) - Workshop 11 - Volume 12},
 series = {IPDPS '05},
 year = {2005},
 isbn = {0-7695-2312-9},
 pages = {231.1--},
 url = {http://dx.doi.org/10.1109/IPDPS.2005.378},
 doi = {http://dx.doi.org/10.1109/IPDPS.2005.378},
 acmid = {1054680},
 publisher = {IEEE Computer Society},
 address = {Washington, DC, USA},
}


@InProceedings{ ge2007cpu,
	title = "{CPU MISER: A performance-directed, run-time system for power-aware clusters}",
	author = "R. Ge and X. Feng and W. Feng and K.W. Cameron",
	booktitle = "Parallel Processing, 2007. ICPP 2007. International Conference on",
	pages = "18",
	issn = "0190-3918",
	year = "2007",
	organization = "IEEE"
}

@InProceedings{ freeh2005using,
	title = "{Using multiple energy gears in MPI programs on a power-scalable cluster}",
	author = "V.W. Freeh and D.K. Lowenthal",
	booktitle = "Proceedings of the tenth ACM SIGPLAN symposium on Principles and practice of parallel programming",
	pages = "164--173",
	isbn = "1595930809",
	year = "2005",
	organization = "ACM"
}

@Article{ roundtree2007adaptive,
	title = "{Adaptive, transparent frequency and voltage scaling of communication phases in MPI programs}",
	author = "B. Roundtree and DK Lowenthal and SH Funk and VW Freeh and BR de Supinski and M. Schulz",
	journal = "ACM/IEEE Supercomputing 2007 (SC07)",
	year = "2007"
}

@article{Lo:1988:HAT:52029.52035,
 author = {Lo, V. M.},
 title = {Heuristic Algorithms for Task Assignment in Distributed Systems},
 journal = {IEEE Trans. Comput.},
 volume = {37},
 issue = {11},
 month = {November},
 year = {1988},
 issn = {0018-9340},
 pages = {1384--1397},
 numpages = {14},
 url = {http://dx.doi.org/10.1109/12.8704},
 doi = {http://dx.doi.org/10.1109/12.8704},
 acmid = {52035},
 publisher = {IEEE Computer Society},
 address = {Washington, DC, USA},
 keywords = {communication costs, computational complexity, concurrency, distributed computing systems, distributed processing, heuristic algorithms, heuristic programming, incompatibility, interference costs, load balancing, optimisation, resource allocation, scheduling., static task assignment, task scheduling},
}

@phdthesis{Sarkar:1987:PSP:37581,
 author = {Sarkar, V.},
 title = {Partitioning and scheduling parallel programs for execution on multiprocessors},
 year = {1987},
 note = {UMI Order No. GAX87-23080},
 publisher = {Stanford University},
 address = {Stanford, CA, USA},
}

@Book{ problemaseconomia,
	title = "Problemas de econom{\'i}a de la empresa",
	author = "Laura {Guitart Tarres}",
	publisher = "Ana N{\'u}{\~n}ez Carballosa and Universitat de Barcelona. Departament d'Economia i Organitzaci{\'o}",
	year = "2006"
}

@Book{ tecnicaPERT,
	title = "T{\'e}cnica de PERT",
	author = "Georgina Taz{\'o}n Maigre",
	publisher = "Estad{\'i}stica y Telem{\'a}tica
Universidad Rey Juan Carlos {Departamento de Inform{\'a}tica}",
	year = "2010"
}

@INPROCEEDINGS{Gunnels98plapack:high,
    author = {John Gunnels and Greg Morrow and Beatrice Riviere and Robert Van De Geijny},
    title = {PLAPACK: High performance through high level abstraction},
    booktitle = {In Proceedings of ICPP98},
    year = {1998}
}

@PhDThesis{ chan,
	title = "Application of Dependence Analysis and Runtime Data Flow Graph Scheduling to Matrix Computations",
	author = "Ernie Chan",
	school = "Department of Computer Science, The University of Texas at Austin",
	month = aug,
	year = "2010"
}

@Manual{ Python,
	title = "Python",
	author = "Official Website, Python Programming Language",
	address = "http://www.python.org/"
}

@Manual{ Networkx,
	title = "NetworkX",
	author = "High productivity software for complex networks",
	address = "http://networkx.lanl.gov/"
}


@Manual{ Graphviz,
	title = "Graphviz",
	author = "Graph Visualization Software",
	address = "http://www.graphviz.org/"
}


@Manual{ ssc,
	title = "Single-Chip Cloud Computer",
	author = "Intel Corporation",
	address = "http://techresearch.intel.com/ProjectDetails.aspx?Id=1"
}




