@article{RSID16,
	title = {High performance computing of the matrix exponential},
	author = {P. Ruiz and J. Sastre and J. Ib{\'a}{\~n}ez and E. Defez},
	journal = {Journal of Computational and Applied Mathematics},
	volume = 291,
	pages = {370--379},
	year = 2016
}

@article{sastre2011efficient,
  title={Efficient orthogonal matrix polynomial based method for computing matrix exponential},
  author={Sastre, J. and Ib{\'a}{\~n}ez, J. and Defez, Emilio and Ruiz, P.},
  journal={Applied Mathematics and Computation},
  volume={217},
  number={14},
  pages={6451--6463},
  year={2011},
  publisher={Elsevier}
}

@article{defez1998some,
  title={Some applications of the {H}ermite matrix polynomials series expansions},
  author={Defez, Emilio and J{\'o}dar, Lucas},
  journal={Journal of Computational and Applied Mathematics},
  volume={99},
  number={1},
  pages={105--117},
  year={1998},
  publisher={Elsevier}
}

@article{EISPA18,
	title = {A new efficient and accurate spline algorithm for the matrix exponential computationâœ©},
	author = {E. Defez and J. Sastre and J. Ib{\'a}{\~n}ez and J. Peinado and P. Alonso},
	journal = {Journal of Computational and Applied Mathematics},
	volume = 337,
	pages = {354--365},
	year = 2018
}

@book{olver2010nist,
  title={NIST handbook of mathematical functions hardback and CD-ROM},
  author={Olver, Frank WJ and Lozier, Daniel W and Boisvert, Ronald F and Clark, Charles W},
  year={2010},
  publisher={Cambridge University Press}
}

@article{costabile2001expansion,
  title={Expansion over a rectangle of real functions in {B}ernoulli polynomials and applications},
  author={Costabile, FA and Dell'Accio, F},
  journal={BIT Numerical Mathematics},
  volume={41},
  number={3},
  pages={451--464},
  year={2001},
  publisher={Springer}
}

@article{costabile2001expansions,
  title={Expansions over a simplex of real functions by means of {B}ernoulli polynomials},
  author={Costabile, F and Dell'Accio, Francesco},
  journal={Numerical Algorithms},
  volume={28},
  number={1-4},
  pages={63--86},
  year={2001},
  publisher={Springer}
}

@article{kouba2013lecture,
  title={{L}ecture {N}otes, {B}ernoulli {P}olynomials and {A}pplications},
  author={Kouba, Omran},
  journal={arXiv preprint arXiv:1309.7560},
  year={2013}
}

@article{toutounian2013new,
  title={A new {B}ernoulli matrix method for solving second order linear partial differential equations with the convergence analysis},
  author={Toutounian, Faezeh and Tohidi, Emran},
  journal={Applied Mathematics and Computation},
  volume={223},
  pages={298--310},
  year={2013},
  publisher={Elsevier}
}

@article{tohidi2016new,
  title={A new matrix approach for solving second-order linear matrix partial differential equations},
  author={Tohidi, Emran and Zak, Mohammad Khorsand},
  journal={Mediterranean Journal of Mathematics},
  volume={13},
  number={3},
  pages={1353--1376},
  year={2016},
  publisher={Springer}
}

@article{tohidi2014convergence,
  title={Convergence analysis of {B}ernoulli matrix approach for one-dimensional matrix hyperbolic equations of the first order},
  author={Tohidi, Emran and Toutounian, Faezeh},
  journal={Computers \& Mathematics with Applications},
  volume={68},
  number={1-2},
  pages={1--12},
  year={2014},
  publisher={Elsevier}
}

@inproceedings{toutounian2013collocation,
  title={A collocation method based on the {B}ernoulli operational matrix for solving high-order linear complex differential equations in a rectangular domain},
  author={Toutounian, Faezeh and Tohidi, Emran and Shateyi, Stanford},
  booktitle={Abstract and Applied Analysis},
  volume={2013},
  year={2013},
  organization={Hindawi}
}

@inproceedings{tohidi2014numerical,
  title={Numerical solution of nonlinear fractional Volterra integro-differential equations via {B}ernoulli polynomials},
  author={Tohidi, Emran and Ezadkhah, MM and Shateyi, S},
  booktitle={Abstract and Applied Analysis},
  volume={2014},
  year={2014},
  organization={Hindawi}
}

@article{bhrawy2012new,
  title={A new {B}ernoulli matrix method for solving high-order linear and nonlinear {F}redholm integro-differential equations with piecewise intervals},
  author={Bhrawy, AH and Tohidi, Emran and Soleymani, Fazlollah},
  journal={Applied Mathematics and Computation},
  volume={219},
  number={2},
  pages={482--497},
  year={2012},
  publisher={Elsevier}
}

@article{tohidi2013collocation,
  title={A collocation method based on {B}ernoulli operational matrix for numerical solution of generalized pantograph equation},
  author={Tohidi, E and Bhrawy, AH and Erfani, Kh},
  journal={Applied Mathematical Modelling},
  volume={37},
  number={6},
  pages={4283--4294},
  year={2013},
  publisher={Elsevier}
}

@article{islam2013numerical,
  title={Numerical investigation of double diffusive natural convection of CO$_2$ in a brine saturated geothermal reservoir},
  author={Islam, Akand W and Sharif, Muhammad AR and Carlson, Eric S},
  journal={Geothermics},
  volume={48},
  pages={101--111},
  year={2013},
  publisher={Elsevier}
}

@article{tohidi2013new,
  title={A new {T}au method for solving nonlinear {L}ane-{E}mden type equations via {B}ernoulli operational matrix of differentiation},
  author={Tohidi, Emran and Erfani, Kh and Gachpazan, Mortaza and Shateyi, Stanford},
  journal={Journal of Applied Mathematics},
  volume={2013},
  year={2013},
  publisher={Hindawi}
}

@article{sastre2019boosting,
  title={Boosting the computation of the matrix exponential},
  author={Sastre, J and Ib{\'a}{\~n}ez, J and Defez, E},
  journal={Applied Mathematics and Computation},
  volume={340},
  pages={206--220},
  year={2019},
  publisher={Elsevier}
}

@article{defez2019efficient,
	title = {An efficient and accurate algorithm for computing the matrix cosine based on new {H}ermite approximations},
	author = {Defez, Emilio and Ib{\'a}{\~n}ez, Javier and Peinado, Jes{\'u}s and Sastre, Jorge and Alonso-Jord{\'a}, Pedro},
	journal = {Journal of Computational and Applied Mathematics},
	volume = 348,
	pages = {1--13},
	year = 2019,
	publisher = {Elsevier}
}
@article{sezgin1987magnetohydrodynamic,
	title = {Magnetohydrodynamic flow in a rectangular duct},
	author = {Sezgin, M{\"u}nevver},
	journal = {International journal for numerical methods in fluids},
	volume = 7,
	number = 7,
	pages = {697--718},
	year = 1987,
	publisher = {Wiley Online Library}
}
@article{king1976mathematical,
	title = {Mathematical modelling, simulation and experimental testing of biomechanical system crash response},
	author = {King, Albert I and Chou, Clifford C},
	journal = {Journal of biomechanics},
	volume = 9,
	number = 5,
	pages = {301--317},
	year = 1976,
	publisher = {Elsevier}
}
@article{jodar2000exact,
	title = {Exact and analytic-numerical solutions of strongly coupled mixed diffusion problems},
	author = {J{\'o}dar, L and Navarro, E and Martin, JA},
	journal = {Proceedings of the Edinburgh Mathematical Society},
	volume = 43,
	number = 2,
	pages = {269--293},
	year = 2000,
	publisher = {Cambridge University Press}
}
@article{soler2013exact,
	title = {On exact series solution of strongly coupled mixed parabolic problems},
	author = {Soler, Vicente and Defez, Emilio and Ferrer, MV. and Camacho, J.},
	journal = {Abstract and Applied Analysis},
	volume = 2013,
	year = 2013,
	doi = {10.1155/2013/524514},
	publisher = {Hindawi}
}
@book{pozar1991microwave,
	title = {Microwave engineering},
	author = {Pozar, David M},
	year = 1991,
	publisher = {Addison-Wesley,New York}
}
@book{das1991optical,
	title = {Optical signal processing},
	author = {Das, Pankaj K},
	year = 1991,
	publisher = {Springer,New York}
}
@article{jodar2003constructive,
	title = {Constructive solution of strongly coupled continuous hyperbolic mixed problems},
	author = {J{\'o}dar, L. and Navarro, E. and Posso, AE. and Casab{\'a}n, MC.},
	journal = {{A}pplied {N}umerical {M}athematics},
	volume = 47,
	number = {3--4},
	pages = {477--492},
	year = 2003,
	publisher = {Elsevier}
}
@inproceedings{kunegis2012online,
	title = {Online dating recommender systems: The split-complex number approach},
	author = {Kunegis, J{\'e}r{\^o}me and Gr{\"o}ner, Gerd and Gottron, Thomas},
	booktitle = {Proceedings of the 4th ACM RecSys workshop on Recommender systems and the social web},
	pages = {37--44},
	year = 2012,
	organization = {ACM}
}
@article{estrada2008communicability,
	title = {Communicability and multipartite structures in complex networks at negative absolute temperatures},
	author = {Estrada, Ernesto and Higham, Desmond J and Hatano, Naomichi},
	journal = {{P}hysical {R}eview {E}},
	volume = 78,
	number = 2,
	pages = 026102,
	year = 2008,
	publisher = {APS}
}
@article{alonso2018computing,
	title = {Computing matrix trigonometric functions with GPUs through Matlab},
	author = {Alonso, Pedro and Peinado, Jes{\'u}s and Ib{\'a}{\~n}ez, Javier and Sastre, Jorge and Defez, Emilio},
	journal = {The Journal of Supercomputing},
	pages = {1--14},
	year = 2018,
	publisher = {Springer}
}
@article{sastre2018efficient,
	title = {Efficient evaluation of matrix polynomials},
	author = {Sastre, J},
	journal = {Linear Algebra and its Applications},
	volume = 539,
	pages = {229--250},
	year = 2018,
	publisher = {Elsevier}
}
@article{sastre2017two,
	title = {Two algorithms for computing the matrix cosine function},
	author = {Sastre, J. and Ib{\'a}{\~n}ez, J. and Alonso, P. and Peinado, J. and Defez, E.},
	journal = {Applied Mathematics and Computation},
	volume = 312,
	pages = {66--77},
	year = 2017,
	publisher = {Elsevier}
}
@inproceedings{CMMSEtri,
	author = {Pedro Alonso and Jes\'us Peinado and Javier J. {Ib\'a\~nez} and Jorge Sastre and Emilio Defez},
	title = {A Fast Implementation of Matrix Trigonometric Functions Sine and Cosine},
	booktitle = {Proceedings of the 17th International Conference on Computational and Mathematical Methods in Science and Engineering (CMMSE 2017)},
	addres = {Rota (Spain)},
	pages = {51--55},
	volume = 1,
	year = 2017
}
@article{SASTRE2018229,
	author = {Sastre, J.},
	title = {Efficient evaluation of matrix polynomials},
	journal = {Linear Algebra and its Applications},
	volume = 539,
	pages = {229--250},
	year = 2018
}
@techreport{alonso2014evaluation,
	title = {On the evaluation of matrix polynomials using several {GPGPUs}},
	author = {Alonso, Pedro and Boratto, Murilo and Peinado, Jes\'{u}s and Ib{\'a}{\~n}ez, Javier and Sastre, Jorge},
	institution = {Departament of Information Systems and Computation, Universitat Polit{\`e}cnica de Val{\`e}ncia. http://hdl.handle.net/10251/39615},
	year = 2014
}
@article{netzer2017solvability,
	title = {About the solvability of matrix polynomial equations},
	author = {Netzer, Tim and Thom, Andreas},
	journal = {Bulletin of the London Mathematical Society},
	volume = 49,
	number = 4,
	pages = {670--675},
	year = 2017,
	publisher = {Wiley Online Library}
}
@book{gallopou,
	title = {Parallelism in matrix computations},
	author = {Gallopoulos, Efstratios and Philippe, Bernard and Sameh, Ahmed},
	year = 2016,
	publisher = {Springer}
}
@article{bader2017improved,
	title = {An improved algorithm to compute the exponential of a matrix},
	author = {Bader, Philipp and Blanes, Sergio and Casas, Fernando},
	journal = {arXiv preprint arXiv:1710.10989},
	year = 2017
}
@book{higham1995test,
	title = {The test matrix toolbox for MATLAB (Version 3.0)},
	author = {N. J. Higham},
	year = 1995,
	publisher = {University of Manchester Manchester}
}
@article{wrighteigtool,
	title = {Eigtool, version 2.1},
	author = {Wright, TG},
	year = 2009,
	url = {web.comlab.ox.ac.uk/pseudospectra/eigtool.}
}
@book{rainville1960special,
	title = {Special functions},
	author = {Rainville, Earl David},
	volume = 442,
	year = 1960,
	publisher = {New York}
}
@article{defez2017hermite,
	title = {A new type of {H}ermite matrix polynomial series},
	author = {Defez, E. and Tung, M. M.},
	journal = {Quaestiones Mathematicae},
	pages = {1--8},
	year = 2017,
	publisher = {Taylor \& Francis}
}
@article{kargin2013some,
	title = {Some relations on {H}ermite matrix polynomials},
	author = {Kargin, Levent and Kurt, Veli},
	journal = {Mathematical and Computational Applications},
	volume = 18,
	number = 3,
	pages = {323--329},
	year = 2013,
	publisher = {Multidisciplinary Digital Publishing Institute}
}
@article{jeodar1998laguerre,
	title = {On {L}aguerre matrix polynomials},
	author = {J{\'o}dar, J. and Sastre, Jorge},
	journal = {Utilitas Mathematica},
	volume = 53,
	pages = {37--84},
	year = 1998
}
@article{defez2014method,
	title = {A method to approximate the hyperbolic sine of a matrix},
	author = {Defez, E. and Sastre, J. and Ib{\'a}{\~n}ez, J. and Peinado, J. and Tung, M. M.},
	journal = {International Journal of Complex Systems in Science},
	volume = 4,
	number = 1,
	pages = {41--45},
	year = 2014
}
@article{hong2014new,
	title = {New generating function formulae of even-and odd-{H}ermite polynomials obtained and applied in the context of quantum optics},
	author = {Hong-Yi, F. and De-Hui, Z.},
	journal = {Chinese Physics B},
	volume = 23,
	number = 6,
	pages = 060301,
	year = 2014,
	publisher = {IOP Publishing}
}
@article{defez2016solving,
	title = {Solving engineering models using hyperbolic matrix functions},
	author = {E. Defez and J. Sastre and J. Ib{\'a}{\~n}ez and J. Peinado},
	journal = {Applied Mathematical Modelling},
	volume = 40,
	number = 4,
	pages = {2837--2844},
	year = 2016,
	publisher = {Elsevier}
}
@article{jodar1996hermite,
	title = {{H}ermite matrix polynomials and second order matrix differential equations},
	author = {J{\'o}dar, J. and Company, R.},
	journal = {Approximation Theory and its Applications},
	volume = 12,
	number = 2,
	pages = {20--30},
	year = 1996,
	publisher = {Springer}
}
@article{jodar1998hermite,
	title = {On {H}ermite matrix polynomials and {H}ermite matrix functions},
	author = {L. J{\'o}dar and E. Defez},
	journal = {Approximation Theory and its Applications},
	volume = 14,
	number = 1,
	pages = {36--48},
	year = 1998,
	publisher = {Springer}
}
@article{defez2009computing,
	title = {Computing matrix functions solving coupled differential models},
	author = {E. Defez and J. Sastre and J. Ib{\'a}{\~n}ez and P. Ruiz},
	journal = {Mathematical and Computer Modelling},
	volume = 50,
	number = 5,
	pages = {831--839},
	year = 2009,
	publisher = {Elsevier}
}
@article{defez2013computing,
	title = {Computing matrix functions arising in engineering models with orthogonal matrix polynomials},
	author = {E. Defez and J. Sastre and J. Ib{\'a}{\~n}ez and P. Ruiz},
	journal = {Mathematical and Computer Modelling},
	volume = 57,
	number = 7,
	pages = {1738--1743},
	year = 2013,
	publisher = {Elsevier}
}

@article{dunford1958linear,
	title = {Linear operators, vol. {I}},
	author = {Dunford, N. and Schwartz, J. T.},
	journal = {Interscience, New York},
	year = {1958}
}
@book{golub1996matrix,
	title = {Matrix computations},
	author = {Golub, G. H. and Van Loan, C. F.},
	journal = {Johns Hopkins University, Press, Baltimore, MD, USA},
	pages = {374--426},
	publisher = {Johns Hopkins University Press},
	year = 1996
}
@book{golub2012matrix,
	title = {Matrix computations},
	author = {Golub, Gene H and Van Loan, Charles F},
	volume = 3,
	year = 2012,
	publisher = {JHU Press}
}
@article{defez2004bounding,
	title = {Bounding {H}ermite matrix polynomials},
	author = {E. Defez and A. Herv{\'a}s and L. J{\'o}dar and A. Law},
	journal = {Mathematical and Computer Modelling},
	volume = 40,
	number = 1,
	pages = {117--125},
	year = 2004,
	publisher = {Elsevier}
}
@inproceedings{jodar1996matrix,
	title = {A matrix formula for the generating function of the product of {H}ermite matrix polynomials},
	author = {L. J{\'o}dar and E. Defez},
	booktitle = {International Workshop on Orthogonal Polynomials in Mathematical Physics},
	pages = {93--101},
	year = 1996
}
@book{sansone2004orthogonal,
	title = {Orthogonal Functions},
	author = {G. Sansone},
	volume = 9,
	year = 2004,
	publisher = {Courier Corporation}
}
@book{lebedev1965special,
	title = {The Special Functions and Their Applications},
	author = {Lebedev, Nikolaj Nikolaevich},
	year = 1965,
	publisher = {Prentice-Hall}
}
@article{defez2012approximating,
	title = {Approximating and computing nonlinear matrix differential models},
	author = {Defez, E. and Tung, M. M. and Ib{\'a}{\~n}ez, J. and Sastre, J.},
	journal = {Mathematical and Computer Modelling},
	volume = 55,
	number = 7,
	year = 2012,
	publisher = {Elsevier}
}
@article{sastre2015new,
	title = {New scaling-squaring {T}aylor algorithms for computing the matrix exponential},
	author = {Sastre, J. and Ib{\'a}{\~n}ez, J. and Defez, E. and Ruiz, P.},
	journal = {SIAM Journal on Scientific Computing},
	volume = 37,
	number = 1,
	pages = {A439--A455},
	year = 2015,
	publisher = {SIAM}
}
@article{bader2015scaling,
	title = {The scaling, splitting, and squaring method for the exponential of perturbed matrices},
	author = {Bader, Philipp and Blanes, Sergio and Seydaoglu, Muaz},
	journal = {SIAM Journal on Matrix Analysis and Applications},
	volume = 36,
	number = 2,
	pages = {594--614},
	year = 2015,
	publisher = {SIAM}
}
@article{Demm87,
	author = {J.W. Demmel},
	title = {A counterexample for two conjectures about stability},
	journal = {IEEE Trans. Auto. Control, AC-32 pp. 340-343},
	year = 1987
}
@manual{OPMP11,
	title = {{OpenMP} Application Program Interface Version 3.1},
	author = {{OpenMP} Architecture Review Board},
	month = {July},
	year = 2011
}
@article{High88,
	author = {Higham, Nicholas J.},
	title = {FORTRAN Codes for Estimating the One-norm of a Real or Complex Matrix, with Applications to Condition Estimation},
	journal = {ACM Trans. Math. Softw.},
	issue_date = {Dec. 1988},
	volume = 14,
	number = 4,
	month = dec,
	year = 1988,
	issn = {0098-3500},
	pages = {381--396},
	numpages = 16,
	acmid = 214386,
	publisher = {ACM},
	address = {New York, NY, USA},
	keywords = {FORTRAN, LINPACK, condition estimation, condition number, convex optimization, infinity-norm, one-norm, reverse communication}
}
@article{alonso2017efficient,
	title = {Efficient and accurate algorithms for computing matrix trigonometric functions},
	author = {P. Alonso and J. {Ib\'a\~nez}  and J. Sastre and J. Peinado and E. Defez},
	journal = {Journal of Computational and Applied Mathematics},
	volume = 309,
	pages = {325--332},
	year = 2017,
	publisher = {Elsevier}
}
@article{Fran06,
	author = {Franco, J. M.},
	title = {New Methods for Oscillatory Systems Based on ARKN Methods},
	journal = {Appl. Numer. Math.},
	issue_date = {August 2006},
	volume = 56,
	number = 8,
	month = aug,
	year = 2006,
	issn = {0168-9274},
	pages = {1040--1053},
	numpages = 14,
	url = {http://dx.doi.org/10.1016/j.apnum.2005.09.005},
	doi = {10.1016/j.apnum.2005.09.005},
	acmid = 1151542,
	publisher = {Elsevier Science Publishers B. V.},
	address = {Amsterdam, The Netherlands, The Netherlands},
	keywords = {adapted RKN methods, numerical integration, oscillatory systems}
}
@article{AlHR15,
	author = {Awad H. Al-Mohy and Nicholas J. Higham and Samuel D. Relton},
	title = {New Algorithms for Computing the Matrix Sine and Cosine Separately or Simultaneously},
	journal = {SIAM J. Sci. Comput.},
	year = 2015,
	volume = 37,
	pages = {A456-A487},
	number = 1
}
@article{SIRD13,
	author = {J. Sastre and  J. {Ib\'a\~nez}  and P. Ruiz and E. Defez },
	title = {Efficient computation of the matrix cosine},
	year = 2013,
	journal = {Appl. Math. Comput.},
	volume = 219,
	pages = {7575--7585}
}
@inproceedings{DSIR11b,
	author = {E. Defez and J. Sastre and J. {Ib\'a\~nez} and P. Ruiz},
	title = {Solving engineering models using matrix functions},
	booktitle = {Proc. Int. Conf. on Math. Model. in Engineering \& Human Behaviour 2011},
	isbn = {},
	pages = {},
	note = {In Press},
	year = {Sept. 6-9, 2011},
	location = {Valencia, Spain},
	keywords = {Hermite matrix approximation; matrix cosine; MATLAB; error bound}
}
@article{DSIR11a,
	author = {E. Defez and J. Sastre and J. {Ib\'a\~nez} and P. Ruiz},
	title = {Computing matrix functions arising in engineering models with orthogonal matrix polynomials},
	pages = {1738--1743},
	journal = {Mathematical and Computer Modelling},
	year = 2011
}
@article{DHIT11,
	author = {E. Defez and A. Herv\'as and J. {Ib\'a\~nez} and M. M. Tung},
	title = {Numerical solutions of matrix differential models using higher-order matrix splines},
	journal = {ACEPTADO PARA SU PUBLICACIï¿½N EN Mediterranean Journal of Mathematics},
	year = 2011
}
@article{PIAH11,
	author = {J. Peinado and J. {Ib\'a\~nez} and E. Arias and V. Hern\'andez},
	title = {Speeding up solving of differential matrix Riccati equations using {GPGPU} computing and {MATLAB}},
	journal = {Concurrency and Computation: Practice and Experience},
	editor = Wiley,
	volume = {10.1002/cpe.1835},
	year = 2011
}
@inproceedings{PIHA10,
	author = {J. Peinado and J. {Ib\'a\~nez} and V. Hern\'andez and E. Arias},
	title = {A Family of {BDF} Algorithms for Solving Differential Matrix Riccati Equations Using Adaptive Techniques},
	series = {International Conference on Computational Science 2010 (ICCS 2010)},
	addres = {University of Amsterdam, The Netherlands},
	year = 2010
}
@inproceedings{DTIS10,
	author = {E. Defez and M. M. Tung and J. {Ib\'a\~nez} and J. Sastre},
	title = {Numerical Solutions of Matrix Differential Models in Engineering using higher-order matrix splines},
	series = {Mathematical Models of Addictive Behaviour, Medicine \& Engineering 2010},
	year = 2010
}
@inproceedings{DeTI10,
	author = {E. Defez and M. M. Tung and J. {Ib\'a\~nez}},
	title = {Higher-order matrix splines and second-order},
	series = {The 16-th European Conference on Mathematics for Industry},
	organization = {Universidad Politï¿½cnica de Valencia (Spain)},
	year = 2010
}
@inproceedings{IHRA10,
	author = {J. {Ib\'a\~nez} and V. Hern\'andez and P. Ruiz and E. Arias},
	title = {A Piecewise-linearized Algorithm for solving stiff ODEs},
	series = {Computational and Mathematical Methods in Science and Engineering (CMMSE 2010)},
	addres = {Alemeria (Spain)},
	pages = {554--564},
	year = 2010
}
@inproceedings{DSIT09,
	author = {E. Defez and J. Sastre and J. {Ib\'a\~nez} and M. M. Tung},
	title = {Computing matrix functions solving coupled differential models in engineering},
	series = {Mathematical Models of Addictive Behaviour, Medicine \& Engineering 2009},
	organization = {Universidad Politï¿½cnica de Valencia (Spain)},
	year = 2009
}
@inproceedings{DTIH08,
	author = {E. Defez and M. M. Tung and J. {Ib\'a\~nez} and A. Herv\'as},
	title = {Approximate Numerical Solutions of Autonomous Second-order Matrix Models Using Cubic-matrix Splines},
	series = {15th European Conference On Mathematics For Industry},
	organization = {Springer-Verlag},
	year = 2008
}
@inproceedings{DSIR08,
	author = {E. Defez and J. Sastre and J. {Ib\'a\~nez} and P. Ruiz},
	title = {Computing Matrix Functions for Solving Coupled Differential Models },
	series = {X Jornadas de Investigaciï¿½n y Fomento de la Multidisciplinariedad. Mathematical Models in Medicine \& Engineering},
	organization = {Instituto de Matemï¿½tica Multidisciplinar, Universidad Politï¿½cnica de Valencia (Spain)},
	pages = {38--52},
	year = 2008
}
@inproceedings{DeTI08,
	author = {E. Defez and M. M. Tung and J. {Ib\'a\~nez}},
	title = {Numerical Approximations for Incomplete Second-Order Matrix Models in Engineering},
	series = {X Jornadas de Investigaciï¿½n y Fomento de la Multidisciplinariedad. Mathematical Models in Medicine \& Engineering},
	organization = {Universidad Politï¿½cnica de Valencia (Spain)},
	pages = {53--63},
	year = 2008
}
@inproceedings{AHIP03,
	author = {E. Arias and V. Hern\'andez and J. {Ib\'a\~nez} J. Peralta },
	title = {Algoritmos Paralelos para la Resoluciï¿½n de Ecuaciones Diferenciales Ordinarias mediante OpenMP},
	series = {XIV Jornadas de Paralelismo},
	organization = {Universidad Carlos III (Spain)},
	addres = {Madrid (Spain)},
	pages = {239--244},
	year = 2003
}
@inproceedings{ArHI02,
	author = {E. Arias and V. Hern\'andez and J. {Ib\'a\~nez} },
	title = {High Performance Algorithms for Computing Nonsingular Jacobian Free Piecewise Linearization of Differential Algebraic Equations},
	series = {The 7Th International Conference on Integral Methods in Science and Engineering (IMSE2002)},
	addres = {Saint-Etienne (France)},
	pages = {76--76},
	year = 2002
}
@inproceedings{ArHI01,
	author = {E. Arias and V. Hern\'andez and I. Blanquer and J. {Ib\'a\~nez} },
	title = {Algoritmos de Altas Prestaciones para la Resoluciï¿½n de Ecuaciones Diferenciales Ordinarias y Algebraicas},
	series = {XII Jornadas de Paralelismo},
	organization = {Universidad Politï¿½cnica de Valencia (Spain)},
	addres = {Valencia},
	pages = {205--209},
	year = 2001
}
@inproceedings{AHBI00,
	author = {E. Arias and V. Hern\'andez and I. Blanquer and J. {Ib\'a\~nez} },
	title = {Nonsingular Jacobian Free Piecewise Linearization of State Equation},
	series = {4th Portuguese Conference on Automatic Control - CONTROLO' 2000},
	organization = {Institut National de Recherche en Informatique et en Automï¿½tique (INRIA)},
	addres = {Guimaraes (Portugal)},
	pages = {630--635},
	year = 2000
}
@inproceedings{AHBI99,
	author = {E. Arias and V. Hern\'andez and I. Blanquer and J. {Ib\'a\~nez} },
	title = {Nonsingular Jacobian Free Piecewise Linearization of Ordinary Differential Equations ({ODE})},
	series = {Second Workshop Niconet on: Numerical Control Software: SILICOT},
	organization = {Institut National de Recherche en Informatique et en Automï¿½tique (INRIA)},
	addres = {Rocquencourt (France)},
	pages = {1--5},
	year = 1999
}
@inproceedings{ArHI99,
	author = {E. Arias and V. Hern\'andez and J. {Ib\'a\~nez} },
	title = {Un Algoritmo Paralelo para el Cï¿½lculo de Exponenciales de Matrices e Integrales con Exponenciales de Matrices},
	series = {X-Jornadas de Paralelismo},
	addres = {Valencia},
	organization = {Universidad de Murcia},
	pages = {55--60},
	year = 1999
}
@inproceedings{ArHI98a,
	author = {E. Arias and V. Hern\'andez and J. {Ib\'a\~nez} },
	title = {Distributed Memory Parallel Algorithms for Computing Integrals Involving the Matrix Exponential},
	series = {First Niconet Workshop on Numerical Software in Control Engineering},
	addres = {Valencia},
	organization = {Numerics in Control Network (NICONET), BRITE/EURAM III},
	pages = {17--17},
	year = 1998
}
@inproceedings{ArHI98b,
	author = {E. Arias and V. Hern\'andez and J. {Ib\'a\~nez} },
	title = {Discretization of Continuous-Time Linear Control Systems: A High Performance Computing Approach},
	series = {3rd Portuguese Conference on Automatic Control},
	addres = {Coimbra},
	organization = {Universidade de Coimbra-Polo II},
	pages = {47--52},
	year = 1998
}
@inproceedings{HIQV93,
	author = {V. Hernï¿½ndez and J. {Ib\'a\~nez} and G. Quintana, A. M. Vidal, V. Vidal},
	title = {Experiencias Docentes sobre el uso de LAPACK en Multiprocesadores de Memoria Compartida},
	pages = {163--178},
	year = 1993,
	series = {Nuevas Tecnologï¿½as en las enseï¿½anzas de las Matemï¿½ticas en la Universidad},
	addres = {Valencia},
	organization = {Universidad Politï¿½cnica de Valencia (UPV)}
}
@inproceedings{MaHI92,
	author = {M. Marqu\'es and V. Hernï¿½ndez and {Ib\'a\~nez}},
	title = {Parallel Algorithms for Computing Functions of Matrices on Shared Memory Multiprocessors},
	volume = 1,
	editor = {CINME},
	publisher = {IOS Press},
	pages = {157--166},
	year = 1992,
	addres = {Barcelona},
	series = {Parallel Computing and Transputer Applications}
}
@book{ArHI04,
	author = {E. Arias and V. Hern\'andez and J. {Ib\'a\~nez} },
	editor = {Birkh\ï¿½auser},
	title = {High-Performance Algorithms for Computing Nonsingular Jacobian-Free Piecewise Linearization of Differential Alebraic Equations },
	year = 2004,
	series = {Integral Methods in Science and Engineering, Analytic and Numerical Techniques},
	volume = 2,
	pages = {7--12}
}
@article{DeTS11,
	author = {E. Defez and Michael M. M. Tung and J. Sastre},
	title = {Improvement on the bound of Hermite matrix polynomials},
	journal = {Linear Algebra and its Applications},
	volume = 434,
	number = 8,
	year = 2011,
	doi = {10.1016/j.laa.2010.12.015},
	pages = {1910-1919}
}
@article{JoCo96,
	author = {L. J\'odar and R. Company},
	title = {Hermite matrix polynomials and second order matrix differential equations},
	year = 1996,
	journal = {Journal Approximation Theory Application},
	volume = 12,
	number = 2,
	pages = {20-30}
}
@article{YaYa08,
	author = {Shing-Tung Yau and Ya Yan Lu},
	collaboration = {},
	title = {Reducing the Symmetric Matrix Eigenvalue Problem to Matrix Multiplications},
	publisher = {SIAM},
	year = 1993,
	journal = {SIAM Journal on Scientific Computing},
	volume = 14,
	number = 1,
	pages = {121-136},
	keywords = {eigenvalue problem; matrix multiplication; parallel computation; FFT},
	doi = {10.1137/0914008}
}
@article{TiDS97,
	author = {Domas, Stï¿½phane and Tisseur, Franï¿½oise},
	affiliation = {URA 1398 du CNRS and INRIA Rhï¿½ne-Alpes Laboratoire de l'Informatique du Parallï¿½lisme 46 Allï¿½e d d'Italie 69364 Lyon Cedex 07 France 46 Allï¿½e d d'Italie 69364 Lyon Cedex 07 France},
	title = {Parallel implementation of a symmetric eigensolver based on the Yau and Lu method},
	booktitle = {Vector and Parallel Processing ï¿½ VECPAR'96},
	series = {Lecture Notes in Computer Science},
	editor = {Palma, Josï¿½ and Dongarra, Jack},
	publisher = {Springer Berlin / Heidelberg},
	isbn = {},
	pages = {140-153},
	volume = 1215,
	year = 1997
}
@article{Tiss97,
	author = {Tisseur, Franï¿½oise},
	title = {Parallel Implementation of the {Yau} and {Lu} Method for Eigenvalue Computation},
	volume = 11,
	number = 3,
	pages = {197-204},
	year = 1997,
	doi = {10.1177/109434209701100302},
	eprint = {http://hpc.sagepub.com/content/11/3/197.full.pdf+html},
	journal = {International Journal of High Performance Computing Applications}
}
@misc{Eigt09,
	author = {T. G. Wright},
	title = {Eigtool, version 2.1},
	year = 2009,
	url = {web.comlab.ox.ac.uk/pseudospectra/eigtool.}
}
@misc{w_cos11,
	title = {http://personales.upv.es/$\thicksim$jorsasma/costay.m}
}
@article{SIDR11b,
	author = {J. Sastre and Javier J. {Ib\'a\~nez} and E. Defez and Pedro A. Ruiz},
	title = {Accurate matrix exponential computation to solve coupled differential models in engineering},
	journal = {Math. Comput. Model.},
	volume = 54,
	pages = {1835--1840},
	year = 2011
}
@article{SIDR11c,
	author = {J. Sastre and Javier J. {Ib\'a\~nez} and E. Defez and Pedro A. Ruiz},
	title = {Efficient orthogonal matrix polynomial based method for computing matrix exponential},
	journal = {Appl. Math. Comput.},
	year = 2011,
	volume = 217,
	pages = {6451--6463}
}
@article{HiHa05,
	author = {G. I. Hargreaves and N. J. Higham},
	title = {Efficient algorithms for the matrix cosine and sine},
	year = 2005,
	journal = {Numer. Algorithms},
	volume = 40,
	pages = {383--400}
}
@article{Serb79,
	author = {S.M. Serbin},
	title = {Rational approximations of trigonometric matrices with application to second-order systems of differential equations},
	year = 1979,
	journal = {Appl. Math. Comput.},
	volume = 5,
	number = 1,
	pages = {75-92}
}
@article{SIDR11,
	author = {J. Sastre and Javier J. {Ib\'a\~nez} and E. Defez and Pedro A. Ruiz},
	title = {Efficient scaling-squaring {T}aylor method for computing matrix exponential},
	journal = {SIAM J. on Scientific Comput.},
	year = {},
	note = {Accepted with modifications}
}
@article{HiTi00,
	author = {J. Higham and F. Tisseur},
	title = {A block algorithm for matrix 1-norm estimation, with an application to 1-norm pseudospectra},
	year = 2000,
	volume = 21,
	pages = {1185-1201},
	journal = {SIAM J. Matrix Anal. Appl.}
}
@article{Rine55,
	author = {R. F. Rinehart},
	title = {The Equivalence of Definitions of a Matrix Function},
	journal = {Amer. Math. Monthly},
	year = 1955,
	volume = 62,
	pages = {395--414}
}
@misc{Wrig02,
	author = {G. Wright},
	title = {EigTool},
	howpublished = {{http://www.comlab.ox.ac.uk/pseudospectra/eigtool/ }},
	year = 2002
}
@article{AlHi09,
	author = {Awad H. Al-Mohy and Nicholas J. Higham},
	title = {A New Scaling and Squaring Algorithm for the Matrix Exponential},
	journal = {SIAM J. Matrix Anal. Appl.},
	year = 2009,
	volume = 31,
	number = 3,
	pages = {970--989}
}
@article{Pevi03,
	author = {J. Peinado and A.M. Vidal},
	title = {A Parallel {Newton-GMRES} Algorithm for Solving Large Scale Nonlinear Systems},
	journal = {Lecture Notes in Computer Science},
	year = 2003,
	volume = 2565,
	pages = {328-342}
}
@article{PeVi05,
	author = {J.Peinado and A.M. Vidal},
	title = {Three Parallel Algorithms for Solving Nonlinear Systems And Optimization Problems},
	journal = {Lecture Notes in Computer Science},
	year = 2005,
	number = 342,
	pages = {657-670}
}
@inproceedings{PeVi203,
	author = {J. Peinado and A.M. Vidal},
	title = {Several Parallel Algorithms for Solving Nonlinear Systems with Symmetric and Positive Definite Jacobians},
	booktitle = {IPDPS - PDSECA. Nice (France)},
	year = 2003
}
@article{Pevi04,
	author = {J. Peinado and A.M. Vidal},
	title = {A Parallel Broyden approach to the Toeplitz Inverse Eigenproblem},
	journal = {Concurrency and Computation: Practice and Experience},
	year = 2004,
	volume = 16,
	pages = {587--610},
	number = 6
}
@article{PeVi01,
	author = {J. Peinado and A.M. Vidal},
	title = {A new parallel approach to the Toeplitz Inverse Eigenproblem using Newton-like methods},
	journal = {Lecture Notes in Computer Science},
	year = 2001,
	volume = 1981,
	pages = {365--368}
}
@article{DSIR09,
	author = {E. Defez and J. Sastre and Javier J.~{Ib\'a\~nez} and Pedro A. Ruiz},
	title = {Computing matrix functions solving coupled differential models},
	journal = {Mathematical and Computer Modelling},
	volume = 50,
	number = {5-6},
	pages = {831--839},
	year = 2009
}
@inproceedings{PIHA10,
	author = {J. Peinado and Javier J. Ib\'a\~nez and V. {Hern\'andez} and E. Arias},
	title = {A Family of {BDF} Algorithms for Solving Differential Matrix {Riccati} Equations Using Adaptive Techniques},
	booktitle = {International Conference on Computational Science, , ICCS 2010},
	year = {June, 2010},
	editor = {Elsevier},
	volume = {doi:10.1016/j.procs.2010.04.290}
}
@article{IHPA11,
	author = {J. {Ib\'a\~nez} and V. {Hern\'andez} and P. Ruiz E. Arias},
	title = {A piecewise-linearized algorithm based on the Krylov subspace for solving stiff {ODEs}},
	journal = {J. Comput. Appl. Math.},
	volume = 235,
	pages = {1798--1804},
	year = 2011
}
@article{PIAH10,
	author = {J. Peinado and J. {Ib\'a\~nez} and E. Arias and V. {Hern\'andez}},
	title = {{Adams-Bashforth} and {Adams-Moulton} Methods for Solving Differential {Riccati} Equations},
	journal = {Computers and Mathematics with Applications},
	volume = 60,
	pages = {3032--3045},
	year = 2010
}
@book{Walt97,
	author = {Walter Gautschi},
	title = {Numerical Analysis: An Introduction},
	publisher = {{Birkhj\"aauser}},
	year = 1997
}
@article{Psar02,
	author = {P. J. Psarrakos},
	title = {On the $m$th roots of a complex matrix},
	journal = {Electron. J. Linear Algebra},
	year = 2002,
	volume = 9,
	pages = {32--41}
}
@techreport{PaNg85,
	author = {B. N. Parlett and K. C. Ng},
	title = {Development of an accurate algorithm for {$\exp(Bt)$}},
	institution = {Center for Pure and Applied Mathematics, University of California, Berkeley},
	year = 1985,
	number = {Technical Report PAM-294}
}
@article{GrIo10,
	author = {F. Greco and B. Iannazzo},
	title = {A binary powering algorithm for computing primary matrix roots},
	journal = {Numer. Algorithms},
	year = {To appear}
}
@article{Smit03,
	author = {M. I. Smith},
	title = {A {S}chur algorithm for computing matrix $p$th roots},
	journal = {SIAM J. Matrix Anal. Appl.},
	year = 2003,
	volume = 24,
	number = 4,
	pages = {971--989}
}
@techreport{Vanl75,
	author = {C. F. Van Loan},
	title = {A study of the matrix exponential, Numerical Analysis Report},
	institution = {Manchester Institute for Mathematical Sciences, The University},
	year = 2006
}
@article{High94,
	author = {N. J. Higham},
	title = {The matrix sign decomposition and its relation to the polar},
	journal = {Linear Algebra Appl.},
	year = 1994,
	number = {212/213},
	pages = {3ï¿½2-0}
}
@book{Bron03,
	author = {Richard Bronson},
	editor = {Shaum},
	title = {Differential Equations},
	year = 2003
}
@book{IpVe05,
	author = {R. Ipanaqu{\'e} and R. Velesmoro},
	title = {Brve manual de {MATHEMATICA} 5.1},
	year = 2005,
	publisher = {eumed.net}
}
@book{Ostro73,
	author = {A. M. Ostrowski},
	editor = {Academic Press},
	title = {Solution of equations in euclidean and {Banach} spaces},
	year = 1973
}
@book{DeBo01,
	author = {P. Deuflhard and F. A. Bornemann},
	editor = {Springer},
	title = {Scientifics Computing with ordinary differential equations},
	year = 2001,
	series = {Texts in applied mathematics}
}
@book{AAAa02,
	author = {S. Amat and F. Ar{\`a}ndiga and J. V. Arnau and R. Donat and P. Mulet and R. Peris},
	editor = {Universitat de Val{\`e}ncia},
	title = {Aproximaci{\'o} Num{\`e}rica},
	year = 2002
}
@manual{Tref96,
	title = {Finite Difference and spectral methods for ordinary and partial differential equations},
	author = {Lloyd N. Trefethen}
}
@book{Laub05,
	author = {Alan J. Laub},
	editor = {SIAM},
	title = {Matrix Analysis for scientific \& engineers},
	year = 2005
}
@book{KwHy95,
	author = {Young W. Kwon and Hyochoong Bang},
	editor = {CRC Press},
	title = {The finite element method using {MATLAB}},
	year = 1995
}
@book{OtDe05,
	author = {S. R. Otto and J. P. Denier},
	editor = {Springer},
	title = {An Introduction to programming and numerical methods in {MATLAB}},
	year = 2005
}
@book{Edsb08,
	author = {Lennart Edsberg},
	editor = {John Wily & Sons, Inc.},
	title = {Introduction to computation and modeling for Differential equations},
	publisher = {},
	year = 2008
}
@book{Demm96,
	author = {James Demmel},
	editor = {SIAM},
	title = {Applied Numerical Algebra},
	year = 1996
}
@book{Grah81,
	author = {Alexander Graham},
	editor = {},
	title = {Kronecker Products and Matrix Calculus with Applications},
	publisher = {John Willey \&Sons},
	year = 1981
}
@unpublished{Mont03,
	author = {Francisco Montalvo Dur\'an},
	title = {C\'alculo Diferencial e Integral en varias variables},
	note = {Departamento de Matem\'aticas, Universidad de Extremadura},
	year = 2003
}
@manual{Matsym5,
	title = {Symbolic Math Toolbox 5},
	organization = {MathWorks}
}
@manual{Matlan6,
	title = {MATLAB, the language of Technical Computing},
	organization = {MathWorks}
}
@manual{Matpar4,
	title = {MATLAB, Parallel Computing 4 user's guide},
	organization = {MathWorks}
}
@book{Meye00,
	author = {Carl D. Meyer},
	editor = {},
	title = {Matrix Analysis and Appied Linear Algebra},
	publisher = {SIAM},
	year = 2000
}
@book{Magn07,
	author = {Jan R. Magnus},
	editor = {},
	title = {Matrix Differential Calculus with Applications in Statistics and Econometrics},
	publisher = {John Willey \& Sons},
	year = 2007
}
@book{Iser96,
	author = {Arieh Iserles},
	editor = {},
	title = {A first course in the Numerical Analysis of Differential Equations},
	publisher = {Cambridge University Press},
	year = 1996
}
@book{Jack09,
	author = {Zdzislaw Jackiewicz},
	editor = {},
	title = {General Linear Methods for Ordinary Differential Equations},
	publisher = {John Wiley \&Sons, inc.},
	year = 2009
}
@book{AbLL,
	author = {J. Antonio Abia and Juan Garc\'ia and Carlos Marijuan},
	editor = {Germinal},
	title = {C\'alculo Diferencial en $R^n$},
	publisher = {},
	year = 1998
}
@book{Smit85b,
	author = {G. D. Smith},
	editor = {Clarendon Press, Oxford},
	title = {Numerical solution of partial differential equations: Finite Difference methods},
	publisher = {},
	year = 1985
}
@book{Nach81,
	author = {Leopoldo Nachbin},
	editor = {Marcel Dekker, INC},
	title = {Introduction to Funtional Analysis: Banach Spaces and Differential Calculus},
	publisher = {},
	year = 1981
}
@book{Cart71,
	author = {Henry Cartan},
	editor = {Hermann},
	title = {Differential Calculus},
	publisher = {Kershaw Publishing Compan},
	year = 1971
}
@book{Cart78,
	author = {Henry Cartan},
	title = {{C\'a}lculo Diferencial},
	publisher = {Omega Barcelona},
	year = 1978
}
@book{Cart78,
	author = {Henry Cartan},
	editor = {Ediciones Omega},
	title = {Differential Calculus},
	year = 1978
}
@book{Butc08,
	author = {J. C. Butcher},
	editor = {},
	title = {Numerical Methods for Ordinary Differential, Second Edition},
	year = 2008,
	publisher = {John Wiley \& Sons}
}
@book{Butc87,
	author = {J. C. Butcher},
	title = {The Numerical Analysis of Ordinary Differential Equations: Runge-Kutta and General Linear Methods},
	year = 1987,
	publisher = {John Wiley \& Sons}
}
@article{Jime00,
	author = {J. C. Jimenez},
	title = {A simple algebraic expression to evaluate the local linearization schemes for stochastic differential equations},
	journal = {Appl. Math. Letters },
	year = 2002,
	volume = 15,
	pages = {775--780}
}
@article{JiCa05,
	author = {J. C. Jimenez and  F. Carbonell},
	title = {Rate of convergence of local linearization schemes for initial-value problems},
	journal = {Appl. Math. Comput. },
	year = 2005,
	volume = 171,
	pages = {1282--1295}
}
@article{DBCOJ7,
	author = {H. De la Cruz and R. J. Biscay  and F. Carbonell  and T. Ozaki and J. C. Jimenez},
	title = {A higher order Local Linearization method for solving ordinary differential equations},
	journal = {Appl. Math. Comput.},
	year = 2007,
	volume = 185,
	pages = {197--212}
}
@book{Lamb95,
	author = {Lambert J. D.},
	editor = {},
	title = {Numerical methods for ordinary differential systems : The initial value problem},
	publisher = {John Wiley \& Sons},
	year = {1995 }
}
@book{Flet80,
	author = {T. M. Flett},
	title = {Differential Analysis},
	publisher = {Cambridge University Press},
	year = 1980
}
@techreport{VeSi94,
	author = {J.G. Verwer and D. Simpson},
	title = {Explicit methods for stiff ODEs from atmospheric chemistry},
	institution = {CWI},
	year = 1994,
	number = {NM-R9409},
	address = {Amsterdan}
}
@article{LeNi71,
	author = {R. Lefever and G. Nicolis},
	title = {Chemical instabilities and sustained oscillations},
	journal = {J. Theor. Biol},
	year = 1971,
	volume = 30,
	pages = {267--284}
}
@article{BrBH89,
	author = {P. N. Brown and G. D. Byrne and A. C. Hindmarsh},
	title = {VODE: A variable-coefficient ODE solver},
	journal = {SIAM J. Sci. Statist. Comput.},
	year = 1989,
	volume = 10,
	pages = {1038ï¿½-1051}
}
@article{Hind80,
	author = {A. C. Hindmarsh},
	title = {LSODE and LSODI, two new initial value ordinary differential equation solvers},
	journal = {ACM-Signum Newslett},
	year = 1980,
	volume = 15,
	pages = {10ï¿½-11}
}
@article{Gear71,
	author = {C. W. Gear},
	title = {Algorithm 407-DIFSUB for solution of ordinary differential equations},
	journal = {Comm. ACM},
	year = 1971,
	pages = {185ï¿½-190},
	volume = 14
}
@book{Kell95,
	author = {C. T. Kelley},
	editor = {SIAM},
	title = {Iterative Methods for Linear and Nonlinear Equations},
	publisher = {},
	year = 1995,
	address = {Philadelphia}
}
@book{ShGT03,
	author = {L. S. Shampine and I. Gladwell and S. Thomson},
	title = {Solving ODEs with MATLAB},
	publisher = {Cambridge University Press},
	year = 2003
}
@techreport{MaMa08,
	author = {F. Mazzia and C. Magherini},
	title = {Test Set for Initial Value Problems Solvers},
	institution = {Department of Mathematics, University of Bari (Italy)},
	note = {Release 2.4},
	number = {4/2008},
	year = 1998
}
@unpublished{LiSw98,
	author = {W. M. Lioen and J. J. B. de Swart},
	title = {Test Set for Initial Value Problems Solvers},
	note = {Release 2.0},
	month = {December},
	year = 1998
}
@techreport{FrMF06,
	title = {Test Set for Initial Value Problems Solvers},
	author = {Francesca Mazzia and Cecilia Magherini and Felice Iavernaro},
	institution = {Department of Mathematics, University of Bari (Italy)},
	year = 2006,
	number = {43/2006}
}
@article{Saad92,
	author = {Y. Saad},
	title = {Analysis of some {Krylov} Subspace Approximations to the Matrix Exponential Operator},
	journal = {SIAM Journal on Numerical Analysis},
	year = 92,
	volume = 29,
	pages = {209--228}
}
@techreport{HeIb07,
	author = {V. Hern\'andez and J. {Ib\'a\~nez}},
	title = {C\'alculo de Funciones de Matrices mediante Aproximantes Diagonales de {Pad\'e}},
	institution = {{Departamento de Sistemas Inform\'aticos y Computaci\'on}, Universidad {Polit\'ecnica}},
	year = 2006,
	number = {DSIC-II/04/06}
}
@techreport{AHIR07,
	author = {E. Arias and V. Hern\'andez and J. {Ib\'a\~nez} and P. Ruiz},
	title = {Solving Initial Value Problems for Ordinary Differential Equations by a Piecewise-linearized Method Based on Diagonal {Pad\'e} Approximation},
	institution = {{Departamento de Sistemas Inform\'aticos y Computaci\'on}, Technical University of Valencia},
	year = 2007,
	number = {DSIC-II/04/07}
}
@techreport{High04,
	author = {N. J. Higham},
	title = {The Scaling and Squaring Method for the Matrix Exponential Revisited},
	institution = {Manchester Centre for Computational Mathematics},
	year = 2004,
	number = 452
}
@inproceedings{CiHi52,
	author = {C. F. Curtiss and J. O. Hirschfelder},
	title = {Integration of Stiff Equations},
	booktitle = {Proc. Nat. Acad. Sci.},
	year = 1952,
	volume = 38,
	pages = {235--243}
}
@article{JiSO99,
	author = {J. C. Jimenez and I. Shoji and T. Ozaki},
	title = {Simulation of Stochastic Differential Equations through the Local Linearization Method. A Comparative Study},
	journal = {J. Statist. Physics },
	year = 1999,
	volume = 94,
	pages = {587--602 }
}
@article{Carr93,
	author = {J. Carroll},
	title = {Matricial Exponentially Fitted Scheme for the Numerical Solution of Stiff Initial-Value Problems},
	journal = {Computers Math. Applic.},
	year = 1993,
	volume = 26,
	pages = {57--64}
}
@article{HoLS98,
	author = {M. Hochbruck and C. Lubich and H. Selhofer},
	title = {Exponential Integrators for Large Systems of Differential Equation},
	journal = {SIAM J. Sci. Comput.},
	year = 98,
	volume = 19,
	pages = {1552-1574}
}
@book{Lamb91,
	author = {J. D. Lambert},
	editor = {},
	title = {Numerical Methods for Ordinary Differential Systems: The Initial Value Problem},
	publisher = {John Wiley \& Sons},
	year = 1991
}
@book{HaWa96,
	author = {E. Hairer and G. Wanner},
	title = {Solving Ordinary Differential Equations {II}. {S}tiff and Differential-Algebraic Problems.},
	publisher = {Springer-Verlag},
	year = 1996
}
@book{HaNW91,
	author = {E. Hairer and S. P. Norset and G. Wanner},
	title = {Solving Ordinary Differential Equations {I}. {N}onstiff Problems.},
	publisher = {Springer-Verlag},
	year = 1993
}
@book{HoJo85,
	author = {R. A. Horn and C. R. Johnson},
	title = {Matrix Analysis},
	publisher = {Cambridge University Press},
	year = 1985
}
@book{Over01,
	author = {Michael L. Overton},
	editor = {},
	title = {Numerical Computing with IEEE floating point},
	publisher = {SIAM},
	year = 2001
}
@phdthesis{Iban06,
	author = {Javier Ib{\'a\~n}ez  },
	title = {Computaci\'on de altas prestaciones para el c\'alculo de funciones de matrices y su aplicaci\'on a la resoluci\'on de ecuaciones diferenciales},
	school = {DSIC, UPV (Spain)},
	year = 2006
}
@phdthesis{Kim00,
	author = {Hyun-Min Kim},
	title = {Numerical methods for solving a quadratic matrix equation},
	school = {University of Manchester},
	year = 2000
}
@book{Saad00,
	author = {Yousef Saad},
	editor = {},
	title = {Iterative Methods for Sparse Linear Systems},
	publisher = {},
	year = 2000
}
@book{KeKa01,
	author = {Paul L. Kelley and Ivan P. Kaminow and Govind P. Agrawal},
	editor = {Academic Press},
	title = {Nonlinear Fiber Optics},
	year = 2001
}
@article{HeWD02,
	author = {Greg Henry and David Watkins and Jack Dongarra},
	title = {A Parallel Implementation of the Nonsymmetric {QR} Algorithm for Distributed Memory Architectures},
	year = 2002,
	journal = {SIAM J. SCI. COMPUT},
	volume = 24,
	number = 1,
	pages = {284-311}
}
@article{HeVa96,
	author = {Henry, Greg and van de Geijn, Robert},
	title = {Parallelizing the {QR} algorithm for the unsymmetric algebraic eigenvalue problem: myths and reality},
	journal = {SIAM J. Sci. Comput.},
	volume = 17,
	number = 4,
	year = 1996,
	issn = {1064-8275},
	pages = {870--883},
	doi = {http://dx.doi.org/10.1137/0917056},
	publisher = {Society for Industrial and Applied Mathematics},
	address = {Philadelphia, PA, USA}
}
@book{LaTi85,
	author = {Peter Lancaster and Miron Tismenetsky},
	editor = {Academic Press, Inc.},
	title = {The Theory of Matrices},
	publisher = {},
	year = 1985
}
@book{BILW91,
	author = {Sergio Bittanti and Alan J. Laub and C. Willems},
	editor = {C. Willems},
	title = {The Riccati Equation},
	publisher = {Spinger-Verlag},
	year = 1991
}
@article{Serb80,
	author = {Steven M. Serbin and Sybil A. Blalock},
	title = {An Algorithm for Computing the Matrix Cosine},
	journal = {SIAM J. Sci. Statist. Comput.},
	volume = 1,
	number = 2,
	pages = {198--204},
	year = 1980
}
@article{HiSm03,
	author = {Nicholas J. Higham and Matthew I. Smith},
	title = {Computing the Matrix Cosine},
	journal = {Numer. Algorithms},
	volume = 34,
	pages = {13--26},
	year = 2003
}
@article{GoWi76,
	author = {G. H. Golub and J. H. Wilkinson},
	title = {Ill-conditioned eigensystems and the computation of the {Jordan} canonical form},
	journal = {SIAM Rev.},
	year = 1976,
	volume = 18
}
@article{KaRu80,
	author = {Bo K{\aa}gstr{\"o}m and Axel Ruhe},
	title = {An Algorithm for Numerical Computation of the {Jordan}                  Normal Form of a Complex Matrix},
	journal = {ACM Trans. Math. Software},
	volume = 6,
	number = 3,
	pages = {398--419},
	year = 1980
}
@techreport{Kall73,
	author = {C. Kallstrom},
	title = {Computing exp(A) and the integral of exp(As)},
	institution = {Division of Automatic Control, Lund Institute of Technology},
	year = 1973,
	number = 7309
}
@unpublished{Kamm76,
	author = {D. W. Kammler},
	title = {Numerical Evaluation of Exp(At) when A is a Companion Matrix},
	year = 1976,
	publisher = {University of Southern Illinois},
	address = {Carbondale}
}
@article{Scra71,
	author = {R. E. Scraton},
	title = {Comment on Rational Approximants to the Matrix Exponential},
	volume = 7,
	year = 1971,
	publisher = {Electronic Letters},
	pages = {260-261}
}
@techreport{Shah71,
	author = {M. M. Shah},
	title = {On the Evaluation of exp(At)},
	institution = {University of Cambridge},
	year = 1971,
	number = {CUED/B-Control TR}
}
@book{PeCK91,
	author = {P. Hr. Petkov and N. D. Christov and M. M. Konstantinov},
	title = {Computational methods for linear control systems},
	year = 1991,
	isbn = {0-13-161803-2},
	publisher = {Prentice Hall International (UK) Ltd.},
	address = {Hertfordshire, UK, UK}
}
@article{Parl76,
	author = {Beresford N. Parlett},
	title = {A Recurrence Among the Elements of Functions of Triangular Matrices},
	journal = {Linear Algebra Appl.},
	volume = 14,
	pages = {117--121},
	year = 1976
}
@book{Kail80,
	author = {T. Kailath},
	title = {Linear Systems},
	publisher = {Prentice-Hall},
	year = 1980,
	address = {Englewood Cliffs, NJ}
}
@book{HiSm74,
	author = {M.~W. Hirsch and S. Smale},
	title = {Differential Equations, Dynamical Systems and Linear Algebra},
	publisher = {Academic Press},
	year = 1974,
	address = {New York}
}
@book{Zhong93,
	author = {W.~X. Zhong},
	title = {Computational Structural Mechanics and Optimal Control},
	publisher = {Dalian University of Technology Press},
	year = 1993,
	address = {Dalian (in Chinese)}
}
@article{ZhWi94,
	author = {W.~X. Zhong and F.~W. Williams},
	title = {A precise time step integration method},
	journal = {Journal of Mechanical Engineering Sciences},
	volume = 208,
	pages = {427-450},
	year = 1994
}
@book{FrDC46,
	author = {W. J. Duncan and A. R. Collar},
	editor = {},
	title = {Elementary Matrix and Some Applications to Dynamics and Diï¿½erential Equations},
	publisher = {Macmillan},
	year = 1946,
	address = {New York}
}
@article{NaHa95,
	author = {Igor Najfeld and Timothy F. Havel},
	title = {Derivatives of the Matrix Exponential and Their Computation},
	journal = {Advances in Applied Mathematics},
	year = 1995,
	volume = 16,
	pages = {321--375}
}
@article{YYLu03,
	author = {Ya Yan Lu},
	title = {Computing a matrix function for exponential integrators},
	journal = {J. Comput. Appl. Math},
	year = 2003,
	volume = 161,
	pages = {203--216}
}
@article{West90,
	author = {D. Westreich},
	title = {A practical method for computing the exponential of a matrix and its integral},
	journal = {Communications in Applied Numerical Methods},
	year = 1990,
	pages = {375--380},
	volume = 6
}
@article{JoCo96,
	author = {L. J\'odar and R. Company},
	title = {Hermite matrix polynomials and second order matrix differential equations},
	year = 1996,
	journal = {Journal Approximation Theory Application},
	volume = 12,
	number = 2,
	pages = {20-30}
}
@book{SaZy71,
	author = {S. Saks and A. Zygmund},
	title = {Analytic Functions},
	publisher = Elsevier,
	year = 1971
}
@book{DuSc57,
	author = {N. Dunford and J. Schwartz},
	title = {Linear Operators, Part I.},
	publisher = Interscience,
	address = {New York},
	year = 1957
}
@article{DeJo98,
	author = {E. Defez and L. J\'{o}dar},
	title = {Some Applications of {H}ermite matrix polynomials series expansions},
	year = 1998,
	journal = {J. Comput. Appl. Math},
	volume = 99,
	pages = {105-117}
}
@article{Fung04,
	author = {T. C. Fung},
	title = {Computation of the matrix exponential and its derivatives by scaling and squaring},
	year = 2004,
	journal = {International Journal for Numerical Methods in Engineering},
	volume = 59,
	pages = {1273-1286}
}
@article{HiGa99,
	author = {I. Higueras and B. Garc\'{\i}a-Celayeta},
	title = {Logarithmic norms for matrix   pencils},
	year = 1999,
	journal = {SIAM Journal on Matrix Analysis and Applications},
	volume = 20,
	number = 3,
	pages = {646-666}
}
@book{Smit85,
	author = {G. D. Smith},
	editor = {},
	title = {Numerical Solution of Partial Differential Equations: Finite Difference Methods},
	publisher = {Oxford University Press},
	year = 1985,
	edition = {$3^{rd}$}
}
@article{KeLa98,
	author = {Charles S. Kenney and Alan J. Laub},
	title = {A {Schur--Fr{\'e}chet} Algorithm for Computing the Logarithm and Exponential of a Matrix},
	journal = {SIAM J. Matrix Anal. Appl.},
	volume = 19,
	number = 3,
	pages = {640--663},
	year = 1998
}
@article{DiPa00,
	author = {Luca Dieci and Alessandra Papini},
	title = {{Pad\'e} Approximation for the Exponential of a Block Triangular Matrix},
	journal = {Linear Algebra Appl.},
	volume = 308,
	pages = {183--202},
	year = 2000
}
@book{High02,
	author = {N. J. Higham},
	title = {Accuracy and Stability of Numerical Algorithms},
	publisher = {Society for Industrial and Applied Mathematics},
	address = {Philadelphia, PA, USA},
	edition = {Second},
	year = 2002,
	pages = {xxx+680},
	isbn = {0-89871-521-0}
}
@article{DoMo02,
	author = {Dolan, E. D. and Moré, J. J.},
	title = {Benchmarking Optimization Software with Performance Profiles},
	journal = {Mathematical Programming},
	volume = 91,
	pages = {201--213},
	year = 2002
}
@book{High08,
	author = {N. J. Higham},
	title = {Functions of Matrices: {Theory} and Computation},
	publisher = {SIAM},
	address = {Philadelphia, PA, USA},
	year = 2008,
	pages = {xx+425},
	isbn = {978-0-898716-46-7}
}
@article{VanL79,
	author = {Charles Van Loan},
	title = {A note on the evaluation of matrix polynomials},
	journal = {IEEE Transactions on Automatic Control},
	volume = 24,
	number = 2,
	pages = {320--321},
	year = 1979
}
@article{PaSt73,
	author = {Paterson, M. S. and Stockmeyer, L. J.},
	title = {On the Number of Nonscalar Multiplications Necessary to Evaluate Polynomials},
	journal = {SIAM Journal on Computing},
	volume = 2,
	number = 1,
	pages = {60--66},
	year = 1973
}
@phdthesis{Fass93,
	author = {Claudia Fassino},
	title = {Computation of Matrix Functions},
	school = {Universit\`a di Pisa},
	year = 1993
}
@article{Ward77,
	author = {Robert C. Ward},
	title = {Numerical Computation of the Matrix Exponential with Accuracy Estimate},
	journal = {SIAM J. Numer. Anal.},
	volume = 14,
	number = 4,
	pages = {600--610},
	year = 1977
}
@techreport{High93,
	author = {Nicholas J. Higham},
	title = {The {Test Matrix Toolbox} for {MATLAB}},
	institution = inst-MCCM,
	address = {Manchester, England},
	type = {Numerical Analysis Report},
	number = {No. 237},
	month = dec,
	pages = 76,
	year = 1993
}
@article{Bell83,
	author = {R. Bellman},
	title = {the Calculation of Matrix Exponential},
	journal = {Linear and Multilinear Algebra},
	year = 1983,
	volume = 41,
	pages = {73-79}
}
@article{KeLa91,
	author = { G. Kenney and A. J. Laub},
	title = {Rational iterative methods for the matrix sign function},
	journal = {SIAM Journal Matrix Analysis Applications},
	volume = 12,
	number = 2,
	pages = {273-291},
	year = 1991
}
@article{CrLa74,
	author = { G.W. Cross and P. Lancaster},
	title = {Square roots of complex matrices},
	journal = {Linear and Multilinear Algebra},
	volume = 1,
	pages = {289-293},
	year = 1974
}
@article{MoVa78,
	author = {C. B. Moler and C. Van Loan},
	title = {Nineteen Dubious Ways to Compute the Exponential of a Matrix},
	journal = {SIAM Rev.},
	volume = 20,
	number = 4,
	pages = {801-836},
	year = 1978
}
@article{Rine78,
	author = { R. F. Rinehart},
	title = {The Equivalence of Definitions of a Matrix Functions},
	journal = {IEEE Transactions on Automatic Control},
	volume = 24,
	number = 4,
	pages = {320-321},
	year = 1978
}
@article{High01,
	author = {Nicholas J. Higham},
	title = {Evaluating {Pad\'e} Approximants of the Matrix Logarithm},
	journal = {SIAM J. Matrix Anal. Appl.},
	volume = 22,
	number = 4,
	pages = {1126-1135},
	year = 2001,
	bibdate = {Mon Mar 26 08:01:03 GMT 2001}
}
@article{High09,
	author = {Awad H. Al-Mohy and Nicholas J. Higham},
	title = {A New Scaling and Squaring Algorithm for the Matrix Exponential},
	journal = {SIAM J. Matrix Anal. Appl.},
	volume = 31,
	number = 3,
	pages = {970-989},
	year = 2009
}
@article{High91,
	author = {Nicholas J. Higham},
	title = {Algorithm 694: {A} Collection of Test Matrices in {MATLAB}},
	journal = {ACM Trans. Math. Software},
	volume = 17,
	number = 3,
	month = sep,
	pages = {289-305},
	year = 1991
}
@article{High86,
	author = {Nicholas J. Higham},
	title = {{Newton's} Method for the Matrix Square Root},
	journal = {Math. Comp.},
	volume = 46,
	number = 174,
	month = apr,
	pages = {537-549},
	year = 1986
}
@article{High87,
	author = {Nicholas J. Higham},
	title = {Computing Real Square Roots of a Real Matrix},
	journal = {Linear Algebra Appl.},
	volume = {88/89},
	pages = {405-430},
	year = 1987
}
@article{HaHi05,
	author = {Gareth I. Hargreaves and Nicholas J. Higham},
	title = {Efficient Algorithms for the Matrix Cosine and Sine},
	journal = {Numer. Algorithms},
	volume = 40,
	number = 4,
	pages = {383-400},
	year = 2005,
	bibdate = {Mon Nov 14 08:52:54 GMT 2005}
}
@article{ChHK01,
	author = {Sheung Hun Cheng and Nicholas J. Higham and Charles S. Kenney             and Alan J. Laub},
	title = {Approximating the Logarithm of a Matrix to Specified Accuracy},
	journal = j-SIMAX,
	volume = 22,
	number = 4,
	pages = {1112-1125},
	year = 2001,
	bibdate = {Thu May 17 12:06:55 GMT 2001}
}
@inproceedings{ChHK00,
	author = {Sheung Hun Cheng and Nicholas J. Higham and Charles S. Kenney             and Alan J. Laub},
	title = {Return to the Middle Ages: {A} Half-Angle Iteration for the            Logarithm of a Unitary Matrix},
	booktitle = {Proceedings of the Fourteenth International Symposium of                Mathematical Theory of Networks and Systems,                Perpignan, France},
	year = 2000,
	note = {CD ROM},
	bibdate = {Wed Jun 28 08:44:15 GMT 2000}
}
@article{BiHM05,
	author = {Dario A. Bini and Nicholas J. Higham and Beatrice Meini},
	title = {Algorithms for the Matrix {$p$}th Root},
	journal = {Numer. Algorithms},
	volume = 39,
	number = 4,
	pages = {349-378},
	year = 2005
}
@article{Dahi03,
	author = {Philip I. Davies and Nicholas J. Higham},
	title = {A {Schur--Parlett} Algorithm for Computing Matrix Functions},
	journal = {SIAM J. Matrix Anal. Appl.},
	volume = 25,
	number = 2,
	pages = {464--485},
	year = 2003,
	bibdate = {Thu Sep 18 09:13:12 GMT 2003}
}
@inproceedings{DaHi05,
	author = {Philip I. Davies and Nicholas J. Higham},
	title = {Computing {$f(A)b$} for Matrix Functions {$f$}},
	booktitle = {{QCD} and Numerical Analysis {III}},
	editor = {Artan Bori{\c{c}}i and Andreas Frommer and B{\'a}alint Jo{\'o}             and Anthony Kennedy and Brian Pendleton},
	series = {Lecture Notes in Computational Science and Engineering},
	volume = 47,
	publisher = {Spring{\-}er-Ver{\-}lag, } # pub-Springer:adr-B,
	pages = {15-24},
	year = 2005,
	_isbn = {3-540-21257-4},
	bibdate = {Sun Aug 28 09:45:49 GMT 2005}
}
@unpublished{HiLT06,
	author = {Nicholas J. Higham and Lloyd N. Trefethen},
	title = {Computing {$A^\alpha$}, {$\log(A)$} and Related Matrix Functions by            Contour Integrals},
	note = {Manuscript},
	pages = 17,
	year = 2006,
	bibdate = {Mon Mar 12 15:43:32 GMT 2007}
}
@book{Orte72,
	author = {J. M. Ortega},
	editor = {},
	title = {Numerical Analysis: A second course},
	publisher = {Academic Press},
	year = 1972,
	address = {New York}
}
@article{BjHa83,
	author = {Ake Bj\''orck and Sven Hammarling},
	title = {A Schur method for the square root of a matrix},
	journal = {Linear Algebra and its Applications},
	year = 1983,
	volume = {52/53},
	pages = {127-140}
}
@article{DDHH88,
	author = {J. Dongarra and J. Du Croz and S. Hammarling and R. J. Hanson},
	title = {An extended set of {FORTRAN Basic Linear Algebra Subroutines}},
	journal = {ACM Trans. Math. Software},
	year = 1988
}
@manual{SGIA03,
	title = {SGI Altix Applications Development an Optimization},
	year = 2003,
	edition = {{Release August 1}}
}
@techreport{CDOP95,
	author = {J. Choi and J. Dongarra and S. Ostrouchov and A. Petitet and D. Walker},
	title = {A Proposal for a Set of Parallel Basic Linear Algebra Subprogram},
	institution = {Department of Computer Science, University of Tennessee},
	year = 1995,
	number = {UT-CS-95-292}
}
@techreport{DoVa91,
	author = {J. J. Dongarra and R. A. Van De Geijn},
	title = {Two dimensional Basic Linear Algebra Communications Subprograms},
	institution = {Department of Computer Science, University of Tennessee},
	year = 1991
}
@book{ABBD92,
	author = {E. Anderson and Z. Bai and C. Bischof and J. Demmel and J. Dongarra and J. Du Croz and A. Greenbaum and S. Hammarling and A. McKenney and S. Ostrouchov and D. Sorensen},
	editor = {},
	title = {{LAPACK Users' Guide}},
	publisher = {SIAM},
	year = 1992
}
@unpublished{Saad94,
	author = {Y. Saad},
	title = {{SPARSKIT}: A Basic Toolkit for Sparse Matrix Computation},
	note = {version 2},
	year = 1994
}
@article{Sidj98,
	author = {R. B. Sidje},
	title = { Expokit: A Software Package for Computing Matrix Exponentials},
	journal = {ACM Trans. Math. Softw.},
	year = 1998,
	volume = 24,
	pages = {130--156}
}
@article{High05,
	author = {Nicholas J. Higham},
	title = {The Scaling and Squaring Method for the Matrix Exponential Revisited},
	journal = {SIAM J. Matrix Anal. Appl.},
	volume = 26,
	number = 4,
	pages = {1179--1193},
	year = 2005
}
@book{BaGr96,
	author = {G. A. Baker and P. R. Graves-Morris},
	editor = {},
	title = {{Pad\'e} Approximants},
	publisher = {Cambridge University Press},
	year = 1996,
	edition = {Encyclopaedia of Mathematics and its Applications}
}
@article{DeBe76,
	author = {E. D. Denman and A. N. Beavers},
	title = {The Matrix Sign Function and Computations in Systems},
	journal = {Appl. Math. Comput.},
	year = 1976,
	volume = 2,
	pages = {63--94}
}
@article{High97b,
	author = {Nicholas J. Higham},
	title = {Stable Iterations for the Matrix Square Root},
	journal = {Numer. Algorithms},
	volume = 15,
	number = 2,
	pages = {227-242},
	year = 1997
}
@book{Reid72,
	author = {William T. Reid},
	editor = {},
	title = {Riccati Differential Equations},
	publisher = {Academic Press},
	year = 1972
}
@article{NVIDIAPLuginWhite,
	author = {NVIDIA},
	title = {Accelerating {MATLAB} with {CUDA} {U}sing {MEX} {F}iles},
	journal = {{W}hite {P}aper},
	year = 2007
}
@unpublished{MEX,
	author = {Mathworks},
	title = {{MATLAB} {MEX} {F}iles},
	note = {http://www.mathworks.com/support/tech-notes/1600/1605.shtml\#intro}
}
@unpublished{MATLABANDCUDA,
	author = {B. Dushaw},
	title = {{MATLAB} and {CUDA}},
	note = {http://faculty.washington.edu/dushaw/epubs/Matlab\_CUDA\_Tutorial\_8\_08.pdf. Applied Physics Laboratory. University of Washington},
	month = {August},
	year = 2008
}
@unpublished{NVIDIAPlugIn,
	title = {{NVIDIA} Plugin},
	note = {http://developer.nvidia.com/object/matlab\_cuda.html}
}
@article{BDDD02,
	author = {L. S. Blackford and J. Demmel and J. Dongarra and I. Duff and  S. Hammarling and G. Henry and M. Heroux and  L. Kaufman and A. Lumsdaine and A. Petitet and R. Pozo and K. Remington and R. C. Whaley},
	title = {{An Updated Set of Basic Linear Algebra Subprograms (BLAS)}},
	journal = { ACM Trans. Math. Soft},
	year = 2002,
	volume = 28,
	number = 2,
	pages = {135--151}
}
@techreport{BlDo99,
	author = {Susan Blackford and Jack Dongarra},
	title = {{LAPACK} Working Note 41, Installation Guide for {LAPACK}},
	institution = {Department of Computer Science University of Tennessee},
	year = 1999
}
@techreport{IPHA09,
	author = {J. {Ib\'a\~nez} and J. Peinado and V. Hern\'andez and E. Arias },
	title = {A Family of {BDF} Methods for Solving Differential Matrix {Riccati} Equations using Adaptative Techniques},
	institution = {Departamento de Sistemas Inform\'aticos y Computaci\'on, Universidad Polit\'ecnica de Valencia (Spain)},
	year = 2009,
	number = {DSIC-II/08/09}
}
@unpublished{CULATOOLS,
	title = {CULATOOLS},
	note = {http://www.culatools.com}
}
@unpublished{MAGMA,
	title = {{MAGMA}: {Matrix} {Algebra} on {GPU} and {Multicore} {Architectures}},
	note = { http://icl.cs.utk.edu/magma/}
}
@article{BCIM09,
	author = {S. Barrachina and M. Castillo and F. Igual and R. Mayo and E. Quintana and G. Quintana},
	title = {Exploiting the capabilities of modern GPUs for dense matrix},
	year = 2009,
	journal = {Concurrency and Computation: Practice \& Experience},
	volume = 21,
	pages = {2457--2477}
}
@inproceedings{BDDT08,
	title = {Enhancing the performance of dense linear algebra solvers on {GPUs}  (in {MAGMA} project)},
	year = {November 18, 2008},
	series = {Supercomputing '08 Poster},
	address = {Austin, TX},
	author = {M. Baboulin and J. Demmel and J. Dongarra and S. Tomov and V. Volkov}
}
@manual{CuLi09,
	title = {CUDA. CUBLAS library},
	organization = {NVIDIA},
	year = 2009
}
@manual{Cuda20,
	title = {NVIDIA CUDA compute unified device architecture},
	organization = {NVIDIA},
	year = 2017
}
@phdthesis{Garc98,
	author = {C. M. Garc\'ia},
	title = {{M\'etodos} de Linealizaci\'on para la Resoluci\'on Num\'erica de Ecuaciones Diferenciales},
	school = {Departamento de Lenguajes y Ciencias de la Computaci\'on, Universidad de M\'alaga},
	year = 1998
}
@article{MoVa03,
	author = {C. B. Moler and C. Van Loan},
	title = {Nineteen Dubious Ways to Compute the Exponential of a Matrix, Twenty-Five Years Later*},
	journal = {SIAM Rev.},
	year = 2003,
	volume = 45,
	pages = {3--49}
}
@article{RaGa97,
	author = { J. I. Ramos and C. M. Garc\'ia},
	title = {Piecewise-Linearized Methods for Initial-Value Problems},
	journal = {Appl. Math. Comput.},
	year = 1997,
	volume = 82,
	pages = {273--302}
}
@article{Garc03,
	author = {C. M. Garc\'ia},
	title = {Piecewise-Linearized and Linearized $\theta$-Methods for Ordinary and Partial Differential Equation Problems},
	journal = {Computer \& Mathematics with Applications},
	year = 2003,
	volume = 45,
	pages = {351--381}
}
@article{IHAR09,
	author = {J. {Ib\'a\~nez} and V. Hern\'andez and E. Arias and P. Ruiz},
	title = {Solving Initial Value Problems for Ordinary Differential Equations by two approaches: {BDF} and Piecewise-linearized Methods},
	journal = {Computer Physics Communications},
	year = 2009,
	volume = 180,
	number = 5,
	pages = {712--723}
}
@article{IbHe11,
	author = {J. {Ib\'a\~nez}  and V. Hern\'andez},
	title = {Solving Differential Matrix {Riccati} Equations  by a Piecewise-linearized Method Based on Diagonal {Pad\'e} Approximants},
	journal = {Computer Physics Communications},
	year = 2011,
	volume = 182,
	pages = {669--678}
}
@article{IbHe09,
	author = {J. {Ib\'a\~nez}  and V. Hern\'andez},
	title = {Solving Differential Matrix {Riccati} Equations  by a Piecewise-linearized Method Based on the Conmutant Equation},
	journal = {Computer Physics Communications},
	year = 2010,
	pages = {2103--2114},
	volume = 180
}
@techreport{CDOP95,
	author = {J. Choi and J. Dongarra and S. Ostrouchov and A. Petitet and D. Walker},
	title = {A Proposal for a Set of Parallel Basic Linear Algebra Subprogram},
	institution = {Department of Computer Science, University of Tennessee},
	year = 1995,
	number = {UT-CS-95-292}
}
@techreport{DoWh95,
	author = {J. Dongarra and R. C. Whaley},
	title = {A User's Guide to the {BLACS}  v1.1},
	institution = {Department of Computer Science, University of Tennessee},
	year = 1995,
	number = {UT-CS-95-281}
}
@book{BCCD97,
	author = { L. S. Blackford and J. Choi and A. Cleary and E. D'Azevedo and J. Demmel and I. Dhillon},
	editor = {},
	title = {{ScaLAPACK} Users' Guide},
	publisher = {SIAM},
	year = 1997
}
@book{AsPe98,
	author = {U. M. Ascher and L. R. Petzold},
	editor = {},
	title = {Computer Methods for Ordinary Differential Equations and Differential-Algebraic Equations},
	publisher = {SIAM},
	year = 1998
}
@book{High08b,
	author = {Nicholas J. Higham},
	title = {Functions of Matrices: {Theory} and Computation},
	publisher = {Society for Industrial and Applied Mathematics},
	address = {Philadelphia, PA, USA},
	year = 2008,
	pages = {xx+425},
	isbn = {978-0-898716-46-7}
}
@article{JoPo95,
	author = {L. Jodar and E. Ponsoda},
	title = {Non-autonomous {Riccati}-type matrix differential equations: Existence interval, construction of continuous numerical solutions and error bounds},
	journal = {IMA J. Numerical Analysis},
	year = 1995,
	pages = {61--74},
	volume = 15
}
@misc{WDRE08,
	howpublished = {http://www.grycap.upv.es/dmretoolbox}
}
@techreport{IsNor97,
	author = {A. Iserles and S.P. Norsett},
	title = {On the Solution of Linear Differential Equations in Lie Groups},
	institution = {University of Cambridge},
	year = 1997,
	number = {{DAMPTP 1997/NA3}}
}
@inproceedings{KaMe87,
	author = {Feng Kang Quin Meng-Zhao},
	title = {The Symplectic Methods for the Computation of Hamiltonian Equations},
	booktitle = {Proceedings of 1st Chinese Conference for Numerical Methods for {PDE' s}},
	year = 1987,
	pages = {1--37}
}
@article{Lei85,
	author = {R.B. Leipnik},
	title = {A canonical form and solution for the Matrix Riccati Differential Equation},
	journal = {The Journal of the Australian Mathematical Society},
	year = 1985,
	pages = {355--361},
	volume = 26
}
@inproceedings{Choi90,
	author = {Chiu C. Choi},
	title = {A Survey of Numerical Methods for Solving Matrix {R}iccati Differential Equations},
	booktitle = {Southeastcon'90 Proceedings},
	year = 1990,
	pages = {696--700}
}
@book{AnBa94,
	author = {E. Anderson and others},
	title = {LAPACK Users' Guide},
	publisher = {SIAM},
	year = 1994,
	address = {Philadelphia}
}
@article{DoDu88,
	author = {J.J. Dongarra and J. {Du Croz} and S. Hammarling and R.J. Hanson},
	title = {Algorithm 656: An Extended Set of {FORTRAN} Basic Linear Algebra Subroutines},
	journal = {ACM Trans. on Math. Software},
	year = 1988,
	volume = 14,
	pages = {18--32}
}
@misc{Hind01,
	author = {A.C. Hindmarsh},
	title = {Brief Description of {ODEPACK}},
	howpublished = {http://www.netlib.org/odepack/opkd-sum},
	year = 2001
}
@book{GrLu94,
	author = {W. Gropp and E. Lusk and A. Skelljum},
	editor = {},
	title = {Using {MPI}:Portable Parallel Programming with the Message Passing Interface},
	publisher = {MIT Press},
	year = 1994,
	series = {Scientific and Engineering computation Series},
	address = {Cambridge, MA}
}
@techreport{DonVa91,
	author = {J.J. Dongarra and R.A. Van De Geijn },
	title = {Two Dimensional Basic Linear Algebra Communications Subprograms},
	institution = {Department of  {C}omputer {S}cience, {U}niversity of {T}enesee},
	year = 1991,
	number = {UT-CS-91-138}
}
@techreport{ChoDon92,
	author = {J. Choi and J.J Dongarra and S. Ostrouchov and A. Petitet and D. Walker},
	title = {A Proposal for a Set of Parallel Basic Linear Algebra Subprograms},
	institution = {Department of  {C}omputer {S}cience, {U}niversity of {T}enesee},
	year = 1995,
	number = {UT-CS-95-292}
}
@book{Bla97,
	author = {L.S. Blackford and others},
	editor = {SIAM},
	title = {{ScaLAPACK} {U}sers' {G}uide},
	publisher = {SIAM},
	year = 1997
}
@article{ScSh99,
	author = {Jeremy Schiffy and S. Shnidery},
	title = {A Natural Approach to the Numerical Integration},
	journal = {{SIAM} J. Numer. Anal.},
	year = 1999
}
@book{Meyer73,
	author = {G. H. Meyer},
	title = {Initial Value Methods for Boundary Value Problems},
	year = 1973,
	publisher = {Academic Press},
	address = {New York}
}
@article{Prue86,
	author = {S. Pruess},
	title = {Interpolation Schemes for Collocation Solution of {TPBVPs}},
	journal = {SIAM Journal on Scientific and Statistical Computing},
	year = 1986,
	pages = {322--333},
	volume = 7
}
@article{HIPA08,
	author = { V. Hern\'andez and J. {Ib\'a\~nez} and E. Arias and J. Peinado},
	title = {A {GMRES}-based {BDF} Method for solving differential  {R}iccati Equations},
	journal = {Appl. Math. Comput.},
	year = 2008,
	volume = 196,
	number = 2,
	pages = {613--626}
}
@inproceedings{BeMe04,
	author = {Peter Benner and Hermann Mena},
	title = {{BDF} Methods for Large-Scale Differential {R}iccati Equations},
	booktitle = {Sixteenth International Symposium on Mathematical Theory of Network and Systems (MTNS2004)},
	year = 2004,
	organization = {Katholieke Universiteit Leuven},
	address = {Belgium}
}
@book{HoJo91,
	author = {Roger A. Horn and Charles R. Johnson},
	title = {Topics in Matrix Analysis},
	year = 1991,
	publisher = {Cambridge University Press},
	address = {London}
}
@phdthesis{Choi88,
	author = {Chang Ho Choi},
	title = {Efficient Algorithms for Solving Stiff Matrix-valued {R}iccati Differential Equations},
	year = 1988,
	school = {University of California}
}
@book{Bern05,
	author = {Dennis S. Bernstein},
	editor = {},
	title = {Matrix Mathematics},
	publisher = {Princeton University Press},
	year = 2005
}
@article{Vaug69,
	author = {D. R. Vaughan},
	title = {A Negative Exponential Solution for the Matrix {R}iccati Equation},
	journal = {IEEE Trans. on  Automatic Control},
	year = 1969,
	volume = 14,
	pages = {72--75},
	number = 1
}
@article{SoWi85,
	author = {M. Sorine and P. Winternitz},
	title = {Superposition Laws for the Solution of Differential {R}iccati Equations},
	journal = {IEEE Trans. Automat. Contr.},
	year = 1985,
	pages = {266--272},
	volume = 30
}
@article{Sanz92,
	author = {J. M. Sanz-Serna},
	title = {Symplectic Integrators for Hamiltonian Problems: an Overview},
	year = 1992,
	journal = {Acta Numerica},
	volume = 1,
	pages = {243--286}
}
@techreport{RenC00,
	author = {Li Ren-Cang},
	title = {Unconventional Reflexive Numerical Methods for Matrix Differential {R}iccati},
	year = 2000,
	number = {2000-36},
	institution = {Department of Mathematics, University of Kentucky}
}
@article{RaWi84,
	author = {D. W. Rand and P. Winternitz},
	title = {Nonlinear Superposition Principles: A New Numerical Method for Solving Matrix {R}iccati Equations},
	journal = {Comp. Phys. Commun.},
	year = 1984,
	volume = 33,
	pages = {305--328}
}
@article{KeLe85,
	author = {C. S. Kenney and R. B. Leipnik},
	title = {Numerical Integration of the Differential Matrix {R}iccati Equation},
	year = 1985,
	journal = {IEEE Trans. on Automatic Control},
	pages = {962--970},
	volume = 30
}
@book{Grif81,
	author = {D. H. Griffel},
	title = {Applied Functional Analysis},
	publisher = {Ellis Hordwood},
	year = 1981,
	address = {New York},
	series = {Mathematics and its Applications}
}
@book{GoVa96,
	author = {Gene H. Golub and Charles Van Loan},
	title = {Matrix Computations},
	publisher = {The Johns Hopkins University Press},
	year = 1996,
	edition = {third},
	series = {Johns Hopkins Studies in Mathematical Sciences}
}
@article{Diec92,
	author = {Luca Dieci},
	title = {Numerical Integration of the Differential {R}iccati Equation and Some Related Issues},
	journal = {SIAM Journal on Numerical  Analysis.},
	year = 1992,
	number = 3,
	volume = 29,
	pages = {781--815},
	month = {June}
}
@article{BaSt72,
	author = {R. H. Bartels and G. W. Stewart},
	title = {Solution of the matrix equation ${AX + XB = C}$: Algorithm 432},
	journal = {Communications of the ACM},
	volume = 15,
	number = 9,
	year = 1972,
	pages = {820--826}
}
@article{AHIP07,
	author = {E. Arias and V. Hern\'andez and J. {Ib\'a\~nez} and J. Peinado},
	title = {A Fixed Point-based {BDF} Method for Solving {R}iccati Equations},
	journal = {Appl. Math. Comput.},
	volume = 188,
	year = 2007,
	pages = {1319--1333},
	number = 2
}
@article{BrLo87,
	author = {David L. Brown and Jens Lorenz},
	title = {A High-Order Method for Stiff Boundary Value Problems with Turning Points},
	journal = {SIAM Journal on Scientific and Statistical Computing},
	volume = 8,
	year = 1987,
	pages = {790--805}
}
@article{Chan76,
	author = {H. Chandrasekhar},
	title = {Generalized {C}handrasekhar Algorithms: Time-varying models},
	journal = {IEEE Trans.on  Automat. Control},
	volume = 21,
	year = 1976,
	pages = {728--732}
}
@article{ChLa90,
	author = {Chang Ho Choi and Alan J. Laub},
	title = {Efficient Matrix-Valued Algorithms for Solving Stiff {R}iccati Differential Equations},
	journal = {IEEE Trans. on Automatic Control},
	volume = 35,
	year = 1990,
	pages = {770--776},
	number = 7
}
@article{Choi92,
	author = {Chang Ho Choi},
	title = {Time-Varying {R}iccati Differential Equations with Known Analytic Solutions},
	journal = {IEEE Trans. Automat. Contr.},
	volume = 37,
	year = 1992,
	pages = {642--645}
}
@article{DaMa73,
	author = {Eduard J. Davison and M. C. Maki},
	title = {The Numerical Solution of the Matrix {Riccati} Differential Equation},
	journal = {IEEE Trans. on Automatic Control},
	volume = 18,
	year = 1973,
	pages = {71--73},
	number = 1,
	month = {February}
}
@inbook{DESS82,
	author = {G. Dahlquist and L. Edsberg and G. Skï¿½llermo and G. Sï¿½derlind},
	title = {Are the Numerical Methods and Software Satisfactory for Chemical Kinetics?, in Numerical Integration of {DE} and Large Linear Systems},
	year = 1982,
	pages = {149--164},
	publisher = {Springer Berlin / Heidelberg},
	series = {Lecture Notes in Computer Mathematics},
	volume = {968/1992}
}
@article{nuestro1,
	author = {J. Sastre and Javier J. {Ib\'a\~nez} and E. Defez and Pedro A. Ruiz},
	title = {Efficient orthogonal matrix polynomial based method for computing matrix exponential},
	journal = {Appl. Math. Comput.},
	volume = 217,
	year = 2011,
	pages = {6451--6463}
}
@article{higham2017computing,
	title = {Computing the action of trigonometric and hyperbolic matrix functions},
	author = {Higham, Nicholas J. and Kandolf, Peter},
	journal = {SIAM Journal on Scientific Computing},
	volume = 39,
	number = 2,
	pages = {A613--A627},
	year = 2017,
	publisher = {SIAM}
}
@article{sastre2013efficient,
	title = {Efficient computation of the matrix cosine},
	author = {Sastre, Jorge and Ib{\'a}\~{n}ez, Javier and Ruiz, Pedro and Defez, Emilio},
	journal = {Applied Mathematics and Computation},
	volume = 219,
	number = 14,
	pages = {7575--7585},
	year = 2013,
	publisher = {Elsevier}
}
@article{al2018truncated,
	title = {A Truncated {T}aylor Series Algorithm for Computing the Action of Trigonometric and Hyperbolic Matrix Functions},
	author = {Al-Mohy, Awad H.},
	journal = {SIAM Journal on Scientific Computing},
	volume = 40,
	number = 3,
	pages = {A1696--A1713},
	year = 2018,
	publisher = {SIAM}
}
